2981 3591
2291 2 2331 24 ,5:⁴0

439 642 457 674 ᾗ
526 594 859 657 macenorum
892 601 1090 641 consensu
1122 602 1267 644 utatur.
1323 542 1671 653 Composuerimus
1704 602 1827 644 enim:
1861 614 1907 644 er
1939 602 2042 644 wird
2077 601 2243 656 gerufen
2277 600 2508 654 anima

406 697 444 720 2,
458 680 503 710 or
527 664 610 715 rust
636 668 722 712 sich
747 669 806 721 C„
834 668 1101 722 inteuigemus
1127 669 1180 710 de
1205 667 1325 721 hujus
1352 669 1504 721 passivi
1532 675 1572 711 et
1597 671 1718 712 medii
1745 672 1984 724 cognatione
2010 684 2091 713 non
2118 683 2240 724 posse
2267 670 2484 724 cogitari.

148 776 152 785 ,
175 779 177 781 .
405 737 538 789 Atque
563 737 640 779 hoc
667 751 757 779 eam
783 738 835 779 ob
864 750 1028 779 causam
1054 738 1141 779 fieri
1167 750 1248 778 non
1274 742 1418 789 potest,
1447 738 1557 789 quod
1583 739 1750 791 primum
1778 741 1885 781 nullo
1912 741 2032 782 modo
2060 752 2188 792 genus
2213 739 2389 784 medinm
2416 738 2505 780 effi-

165 801 187 861 '1
207 803 328 861 dtur,
357 818 480 859 quum
506 806 731 859 subjectum
758 819 884 860 agens
911 807 1042 860 ipsum
1070 806 1148 853 sibi
1176 811 1219 848 ut
1247 806 1403 860 objecto
1430 807 1474 849 in
1501 807 1657 849 actione
1686 809 1915 861 opponitur;
1946 809 2091 850 deinde
2120 809 2228 861 quod
2256 822 2335 850 non
2362 816 2503 850 unum-

68 918 71 921 ,
129 916 144 928 .‚
191 875 404 930 ‘quodque
429 877 607 929 verbum,
636 876 802 918 simulac
829 876 982 916 forma
1008 876 1199 919 reflexiva
1222 877 1412 918 affectum
1440 882 1518 929 est,
1546 878 1784 919 notionem
1811 878 2015 919 mediam
2043 879 2238 932 concepit.
2281 878 2370 920 Nisi
2399 878 2505 919 enim

77 940 79 943 ’
105 990 113 1000 ‚
136 954 139 959 '
174 988 178 991 Δ
215 945 323 988 notio
347 945 462 987 verbi
483 950 705 1002 naturaque
740 950 807 987 aut
835 958 884 987 ea
912 951 972 988 est
998 952 1069 987 aut
1096 959 1146 988 ea
1164 946 1300 999 effingi
1324 951 1466 999 potest,
1494 951 1537 987 ut
1565 948 1747 988 notioni
1777 949 1965 989 mediae
1993 949 2218 1000 conveniat,
2247 948 2356 990 nuno
2383 947 2506 988 modo

216 1014 305 1056 fieri
330 1019 475 1068 potest,
504 1020 547 1056 ut
574 1016 740 1055 verbum
767 1016 924 1057 notione
952 1015 1087 1057 media
1113 1015 1323 1056 afficiatur.
2174 1056 2179 1061 ,
2437 1011 2450 1028 ’“

407 1083 509 1125 Sunt
535 1088 668 1125 autem
695 1084 852 1125 mediae
880 1085 1043 1126 Lehrsio
1072 1089 1245 1136 auctore,
1274 1089 1394 1135 atque
1422 1085 1543 1128 etiam
1563 1084 1730 1128 formam
1749 1087 1921 1127 mediam
1941 1088 2106 1127 induere
2125 1091 2299 1140 possunt⁴
2316 1090 2390 1127 eae
2418 1097 2505 1125 ver-

217 1153 361 1196 borum
388 1153 583 1204 notiones,
614 1165 717 1204 quae

524 1222 590 1262 vel
617 1221 740 1263 animi
766 1235 953 1275 magnum
982 1192 1130 1263 motum
1158 1226 1278 1273 atque
1304 1224 1506 1274 affectum3

526 1291 591 1333 vel
618 1292 772 1344 mentis,
801 1293 916 1344 quasi
943 1292 1180 1346 phantasiae
1208 1296 1375 1341 motum;

525 1361 590 1402 vel
617 1361 891 1403 vehementem
920 1362 1098 1415 corporis
1126 1366 1293 1414 motum3

522 1430 586 1471 vel
614 1430 822 1471 transitum
850 1431 1052 1483 denotant,
1083 1431 1152 1482 qui
1180 1430 1223 1472 fit
1250 1443 1272 1471 e
1304 1435 1408 1472 statu
1434 1431 1629 1483 (corporis
1657 1432 1719 1473 vel
1750 1432 1889 1482 animi)
1918 1432 1959 1472 in
1986 1436 2150 1483 statum3

522 1500 586 1539 vel
614 1500 655 1540 in
684 1500 829 1551 quibus
857 1501 909 1542 de
937 1505 1081 1553 &⁶07qu
1107 1500 1223 1551 quasi
1252 1500 1422 1551 quadam
1451 1501 1646 1552 cogitatur
1673 1513 1814 1541 sensus
1844 1505 2039 1541 movente.

216 1567 464 1622 cognatione
492 1570 706 1621 conjuncta
732 1575 821 1611 sunt
847 1571 973 1611 verba
999 1569 1294 1621 impersonalia,
1323 1569 1373 1609 de
1401 1569 1546 1620 quibus
1574 1570 1779 1611 Lehrsius:

405 1637 517 1689 „wir
543 1638 721 1697 macheu·
740 1639 826 1680 hier
853 1639 1124 1682 aufinerksam
1142 1637 1218 1679 auf
1244 1638 1333 1679 eine
1351 1638 1629 1680 Aehnlichkeit
1656 1638 1729 1680 des
1748 1639 1923 1680 medium
1951 1639 2023 1679 mit
2050 1638 2129 1679 den
2153 1637 2501 1690 impersonalibus.

215 1707 302 1752 Wir
329 1719 456 1761 sagen
483 1719 515 1748 z.
546 1708 608 1747 B.:
637 1721 681 1750 es
710 1709 829 1749 treibt
860 1709 965 1749 mich
993 1709 1035 1749 in
1063 1708 1130 1749 die
1156 1708 1303 1759 Fetne,
1334 1721 1377 1749 es
1405 1707 1557 1749 din-stet
1585 1708 1690 1749 mich
1718 1709 1815 1750 oder
1842 1709 1946 1749 mich
1975 1708 2138 1758 durstet,
2169 1707 2273 1749 ohne
2301 1711 2504 1759 zugesetz-

213 1780 275 1818 tes
302 1778 411 1828 „es“.
467 1779 612 1824 Dieses
640 1780 736 1831 „es“
770 1778 824 1820 ist
859 1790 940 1819 nun
977 1778 1041 1819 ein
1080 1778 1380 1820 unbestimmtes
1415 1780 1608 1830 „etwas“,
1648 1792 1732 1820 was
1769 1779 1835 1819 ich
1872 1780 1914 1819 in
1941 1779 2015 1819 mir
2044 1778 2171 1829 fuhle,
2201 1777 2294 1818 dem
2323 1777 2387 1819 ich
2414 1777 2504 1818 eine

215 1846 434 1904 Affektion‚
463 1848 530 1891 die
557 1849 620 1891 ich
648 1850 690 1890 in
717 1848 792 1889 mir
819 1848 1085 1896 wahmehme,
1113 1848 1361 1889 zuschreibe:
1390 1848 1474 1888 lat:
1503 1848 1697 1889 misereor
1725 1848 1822 1889 oder
1848 1849 2010 1890 miseret
2027 1860 2103 1889 me.
2149 1847 2227 1888 Die
2246 1847 2503 1900 Vergangen-

214 1915 298 1957 hcit
325 1916 452 1959 hcisst
477 1918 642 1959 hiervon
670 1919 905 1970 miseritum,
933 1923 1160 1971 pertaesum
1188 1922 1261 1959 est.
1316 1918 1409 1960 Also
1439 1918 1531 1959 eine
1559 1918 1833 1972 Einwirkung‚
1869 1924 1984 1959 unter
2017 1918 2089 1959 der
2120 1930 2214 1958 man
2247 1917 2370 1969 steht,
2404 1915 2504 1957 wird

216 1985 460 2037 empfuuden
488 1988 585 2028 aber
613 1989 868 2030 unbestimmt
895 1989 1095 2040 gelassen.
2566 1985 2569 1986 ⁷

404 2057 465 2103 Ac
490 2056 525 2098 si
552 2057 638 2099 fieri
665 2057 835 2110 potuerit
863 2062 908 2098 ut
933 2058 1066 2100 verbis
1094 2057 1397 2109 deponentibus,
1425 2070 1529 2107 quae
1559 2057 1758 2107 dicuntur,
1788 2058 1941 2097 Latinis
1970 2058 2056 2097 sive
2091 2069 2142 2096 ex
2170 2069 2236 2106 ea,
2270 2068 2347 2107 qua
2381 2055 2503 2106 vulgo

215 2128 377 2166 utuntur
404 2125 705 2177 significatione,
734 2126 819 2167 sive
847 2139 899 2167 ex
927 2138 1047 2166 sensu
1072 2125 1281 2177 principali
1308 2138 1357 2166 ea
1385 2131 1544 2165 eruatur
1567 2139 1616 2166 ac
1635 2126 1858 2166 vindicetur
1872 2127 2004 2176 notio,
2034 2139 2136 2177 quae
2164 2126 2302 2165 harum
2330 2123 2501 2175 cuidam,

215 2205 315 2245 quas
341 2194 575 2247 protulimus
603 2194 770 2247 medias,
798 2194 1025 2236 conveniat:

520 2264 689 2316 primum
717 2265 926 2305 verborum
954 2263 1236 2315 deponentium
1264 2263 1596 2314 significationem
1624 2264 1795 2304 mediam
1823 2264 2085 2314 indicavisse3

521 2333 666 2375 deinde
695 2333 1027 2375 demonstrav'mse
1060 2332 1354 2383 arbitrabimur,
1388 2333 1528 2384 verba·
1548 2333 1791 2385 deponentia
1817 2333 1960 2372 Latina
1994 2333 2206 2373 cohaerere
2240 2344 2335 2372 cum
2356 2330 2505 2375 mediis

522 2403 700 2456 Graecis,
739 2402 926 2457 quoniam
952 2402 1141 2446 Lchrsius
1179 2416 1268 2445 eam
1304 2402 1524 2453 notionem,
1561 2416 1681 2454 quam
1719 2416 1810 2444 esse
1846 2403 1930 2443 vult
1966 2402 2103 2454 generi
2141 2402 2271 2442 medio
2308 2414 2332 2441 e
2359 2399 2504 2442 medin
2543 2389 2554 2404 ⁸

523 2472 690 2515 Graecis
719 2472 852 2515 hausit
879 2485 928 2514 ac
954 2471 1151 2526 repetivit.
2502 2515 2506 2518 ¹

404 2543 498 2585 Jam
527 2555 623 2585 vero
651 2542 846 2596 exemplis
864 2542 1061 2584 nonnullis
1080 2541 1212 2583 allatis
1232 2540 1487 2594 explicemus,
1517 2544 1586 2593 qui
1614 2542 1865 2588 cohaereant,
1895 2543 1964 2592 qni
1992 2540 2177 2582 differant
2201 2552 2350 2593 genera
2375 2538 2506 2591 panei-

215 2623 309 2652 vum
336 2616 377 2653 et
402 2612 591 2654 medium.

339 2717 351 2734 ,
406 2681 582 2723 Verbum
620 2681 796 2722 activum
836 2680 1106 2733 „cruciare“
1142 2680 1268 2733 primo
1304 2677 1519 2730 significat:
1558 2679 1677 2720 einen
1713 2680 1946 2731 kreuzigen,
1985 2678 2149 2720 deinde:
2188 2678 2305 2719 einen
2344 2676 2504 2728 quilen,

215 2748 327 2802 (ahd.
357 2750 532 2803 qualjan,
561 2750 735 2803 queljan‚
763 2749 922 2801 quelan)
952 2751 1066 2801 cujus
1103 2761 1230 2801 genus
1267 2748 1472 2800 passivum
1511 2752 1589 2789 est:
1626 2749 1789 2800 gequalt
1824 2748 2005 2799 werden,
2033 2761 2161 2800 genus
2198 2747 2390 2787 medium:
2418 2746 2505 2787 sich

215 2818 362 2871 qualen
388 2818 496 2872 (ahd.
528 2818 702 2871 quelan).

182 2902 196 2914 ·
405 2890 466 2946 Ac
492 2888 529 2929 si
555 2888 723 2941 legimus
743 2888 879 2940 (Merc.
908 2888 1003 2939 247)
1033 2886 1269 2940 „cruciabar
1283 2887 1402 2928 cura“
1417 2890 1457 2929 et
1475 2885 1628 2939 (Oasin.
1661 2886 1752 2937 168)
1773 2884 2015 2937 „discrucior
2033 2888 2194 2928 amore“
2219 2896 2316 2927 sane
2334 2888 2505 2939 primum

215 2957 267 2998 de
294 2958 462 3011 passivo
490 2970 612 2998 sensu
638 2957 752 2998 verbi
780 2957 947 3010 cogitari
974 2961 1117 3010 potest,
1147 2968 1268 3007 quum
1294 2968 1411 2997 voces
1439 2968 1574 3008 „cur-a,
1603 2957 1740 2997 amor“
1765 2954 1955 3006 indicent,
1986 2967 2066 3006 qua
2092 2967 2135 2996 re
2170 2955 2401 3007 subjectum
2420 2951 2507 2995 cru-

215 3027 352 3068 cietur.
407 3027 554 3069 Verum
583 3040 704 3078 quum
730 3039 853 3078 „cura
879 3028 1095 3077 amorque“
1122 3039 1202 3066 non
1232 3030 1346 3065 extra
1372 3026 1615 3078 subjectum,
1645 3025 1717 3065 sed
1744 3025 1785 3065 in
1815 3037 1863 3068 eo
1892 3029 2116 3077 versentur,
2145 3024 2264 3066 etiam
2291 3022 2345 3065 de
2371 3021 2506 3065 medio

215 3094 430 3138 formarum
448 3109 572 3138 sensu
591 3096 759 3150 cogitari
776 3097 919 3149 potest,
939 3096 982 3136 id
1000 3096 1107 3147 quod
1127 3096 1163 3137 si
1188 3095 1385 3145 malueris,
1407 3094 1574 3134 debebis
1594 3094 1781 3134 reddere:
1811 3094 1874 3134 ich
1895 3093 2106 3147 empfindc',
2126 3088 2413 3136 befinde'mioh
2424 3105 2506 3136 von

214 3163 531 3219 Sorgo-gequfflt,
544 3165 609 3207 ich
623 3165 742 3217 quale
756 3165 862 3206 mich
875 3165 916 3206 in
934 3164 1060 3217 Sorge
1079 3165 1177 3218 (hoc
1195 3169 1256 3206 est
1269 3163 1460 3217 priscum:
1480 3164 1618 3215 quilu),
1638 3164 1680 3204 in
1695 3176 1775 3215 qua
1794 3176 1838 3204 re
1858 3164 1945 3216 ipse
1965 3164 2088 3204 animi
2101 3163 2268 3205 affectus
2286 3165 2504 3216 mecum,

2253 3242 2315 3277 18*
