2833 3575
51 680 71 708 ‘⁷
130 712 132 715 ·
160 669 364 774 &quus
361 705 411 760 (L
436 707 536 760 253)
564 706 681 750 dieit-

277 394 1778 533 ,ql-‘q'fffinffldonoti‘fssmffimmutouoes‘leh

124 537 278 617 Q
280 561 357 615 ὼ
371 503 942 622 ωοᾱίοῗῗοιέξτιιὲιῗτῖοιοηῐ
969 567 1150 621 eogitari.
1667 546 1670 548 v

184 655 186 660 ’
380 636 539 680 Deinde
564 637 732 679 verbum
759 639 1015 691 „graurareu
1042 636 1215 690 primum
1246 642 1323 679 est.
1358 637 1687 690 „besehweren“,
1720 636 1868 679 deinde
1902 635 2194 690 „belltstigen“.

2211 626 2311 677 'Ae'
2343 614 2405 687 aas?

496 776 551 817 At
577 776 730 819 nitidae
758 780 926 829 surgunt
953 775 1092 830 fruges
1119 777 1297 828 ramique
1325 776 1530 818 virescunt

496 845 733 898 Arboribus,
764 849 948 888 creseunt
977 846 1094 899 ipsae
1122 846 1282 898 fetuque
1310 853 1575 898 gravantur

185 913 270 957 uisi
294 913 348 956 de
376 913 542 968 passivo
570 927 691 957 sensu
719 928 798 956 non
826 915 1085 968 cogitandum
1114 920 1186 957 est.

250 979 269 1007 ὅ
380 983 426 1024 In
454 983 676 1025 Trinummi
705 989 838 1025 autem
867 996 985 1025 versu
1014 985 1172 1036 (1172).

498 1054 592 1097 Nou
618 1055 834 1108 gravabor:
865 1055 1013 1096 faciam
1042 1055 1100 1097 ita
1127 1061 1169 1096 ut
1196 1055 1270 1107 vis,

185 1123 255 1165 ubi
282 1122 451 1164 verbum
479 1124 674 1165 translato
703 1135 822 1165 sensu
852 1124 992 1165 utitur:
1023 1124 1108 1165 sich
1138 1124 1327 1178 belastigt
1355 1124 1504 1175 sumen,
1535 1129 1660 1166 etwas
1689 1124 1782 1165 ubel
1811 1125 1993 1176 nehmen,
2024 1123 2074 1165 de
2103 1134 2225 1165 sensu
2244 1121 2378 1164 medio
2405 1125 2491 1163 tan-

185 1197 281 1233 tum.
323 1193 384 1233 Ao
411 1205 532 1244 quum
560 1193 726 1234 verbum
757 1196 980 1246 ,‚gravare“
1010 1206 1059 1234 ex
1089 1194 1163 1234 hoc
1191 1194 1383 1234 translato
1413 1206 1534 1234 sensu
1555 1195 1714 1234 notione
1742 1193 1878 1234 media
1905 1193 1963 1234 uti
1986 1193 2126 1246 possit,
2153 1205 2232 1233 non
2261 1190 2493 1232 mirabimur

185 1264 289 1304 hane
317 1265 406 1315 eJus
434 1263 766 1315 significationem
796 1264 915 1304 latius
944 1264 1124 1317 patuisse
1154 1269 1193 1304 et
1220 1264 1384 1304 verbum
1412 1262 1704 1316 significavisse
1733 1275 1822 1304 eum
1850 1269 1995 1314 aetum,
2024 1263 2091 1314 qui
2120 1274 2171 1303 ex
2198 1261 2379 1302 notione:
2408 1259 2491 1302 sich

184 1332 376 1383 belsstigt
403 1331 554 1382 millen,
585 1332 749 1371 oriatur:
779 1344 933 1385 ungem
962 1334 1073 1383 thun,
1102 1346 1255 1386 ungern
1283 1333 1425 1385 geben.
1484 1333 1537 1373 Ut
1571 1332 1754 1372 Rudente
1786 1333 1918 1385 (438):

496 1400 605 1448 Quor
634 1406 677 1439 tu
705 1412 852 1449 aquam
879 1413 1063 1452 gravare,
1094 1402 1249 1451 amabo,
1280 1413 1398 1452 quam
1428 1402 1550 1441 hostis
1580 1401 1685 1441 hosti
1715 1400 1968 1441 commodat?

377 1469 511 1519 Atque
540 1470 641 1509 haee
669 1474 759 1508 sunt
787 1470 930 1520 verba,
960 1482 1127 1520 quorum
1147 1470 1224 1508 tria
1251 1481 1400 1520 genera
1427 1469 1565 1520 vigent
1593 1470 1737 1509 omnia.
1780 1468 1988 1517 Quomodo
2017 1474 2149 1509 autem
2179 1468 2296 1518 haec,
2326 1467 2489 1519 quaein

183 1537 324 1579 horum
338 1537 500 1578 notione
515 1538 649 1578 media
664 1539 810 1588 valent,
827 1539 949 1578 etiam
969 1539 1010 1578 in
1026 1551 1161 1579 eorum
1176 1538 1388 1577 verborum
1405 1538 1567 1577 notione
1588 1539 1723 1578 valere
1737 1538 1906 1590 possint,
1927 1549 2030 1589 quae
2045 1527 2178 1577 media
2190 1542 2342 1577 tantum
2364 1537 2494 1577 forma

182 1604 413 1656 induuntur,
442 1618 493 1647 ex
522 1605 674 1646 verbis:
704 1606 855 1656 laetari,
886 1607 1122 1656 congratari‚
1143 1606 1287 1657 mirari,
1309 1606 1398 1646 aliis
1418 1619 1579 1658 prorsus
1605 1607 1849 1658 intelligitur.
1892 1607 1954 1647 De
1975 1606 2143 1658 singulis
2164 1612 2306 1659 postea
2324 1606 2490 1647 dicetur.

375 1674 533 1716 Deinde
562 1687 612 1716 ex
641 1674 704 1726 iis,
734 1688 837 1726 quae
869 1675 1056 1726 diximus,
1072 1675 1198 1716 forma
1225 1674 1357 1716 media
1386 1674 1506 1715 etiam
1537 1687 1673 1716 eorum
1702 1675 1913 1716 verborum
1942 1674 2181 1727 explicatur,
2211 1688 2314 1726 quae
2345 1676 2490 1717 mentis

170 1745 250 1786 ‘vel
277 1745 514 1798 phantasiae
543 1750 693 1785 motum
721 1745 925 1795 denotant,
955 1746 1105 1798 quippe
1135 1747 1201 1797 qui
1228 1751 1358 1786 motus
1387 1745 1467 1785 nisi
1496 1745 1536 1784 in
1566 1745 1746 1797 subjecto
1774 1744 1861 1785 fieri
1890 1758 1968 1785 non
1997 1745 2137 1797 possit.

377 1813 481 1854 Tum
514 1814 655 1864 verba,
691 1827 794 1864 quae
830 1815 1008 1867 eorporis
1043 1821 1192 1856 motum
1221 1815 1430 1866 denotant,
1466 1814 1636 1854 eandem
1666 1815 1857 1855 rationem
1886 1820 2118 1864 sequuntur,
2147 1826 2265 1864 quam
2295 1826 2356 1865 ea,
2386 1826 2491 1865 quae

181 1883 306 1927 animi
333 1890 484 1925 motum
511 1890 632 1935 atque
660 1882 848 1925 affectum
876 1884 1037 1925 notione
1067 1886 1369 1937 amplectuntur.

376 1951 422 1993 Si
456 1952 544 2006 ipse
579 1959 708 1994 motus
742 1954 977 2005 praesertim
1012 1954 1231 1994 vehemens
1264 1967 1311 1995 ae
1347 1955 1460 1995 fortis
1490 1960 1710 2007 spectatur,
1740 1953 1791 1994 de
1819 1953 1980 1994 notione
2006 1953 2159 2004 media3
2194 1953 2257 1994 sin
2282 1966 2378 1994 vero
2406 1966 2488 1994 mo-

183 2020 305 2064 vendi
336 2034 461 2063 eausa
488 2022 553 2063 vel
581 2023 787 2075 impulsus,
818 2024 883 2074 qui
913 2028 1062 2063 motum
1091 2022 1247 2074 efficiat,
1276 2029 1491 2076 spectatur,
1523 2025 1573 2065 de
1602 2024 1762 2065 notione
1790 2023 1955 2075 passiva
1979 2022 2105 2064 debet
2134 2022 2312 2075 eogitari.

377 2090 519 2142 Itaque
548 2091 828 2133 Lucretianum
857 2092 905 2143 (1.
936 2093 1052 2143 281):

495 2165 535 2201 et
563 2173 651 2201 eum
681 2161 811 2202 mollis
839 2173 971 2212 aquae
1001 2161 1125 2202 fertur
1154 2167 1295 2203 natura
1323 2168 1488 2215 repente

496 2229 657 2271 flumine
685 2230 908 2271 abundanti
939 2261 949 2268 .
980 2262 989 2271 .
1019 2262 1027 2270 .
1060 2262 1069 2270 .

184 2304 255 2340 aut
272 2312 403 2356 ‘sensu
430 2300 593 2352 passivo
622 2306 691 2340 aut
719 2300 852 2349 medio
882 2300 1009 2353 aeeipi
1038 2305 1181 2353 potest.
1237 2300 1281 2340 Si
1310 2301 1417 2341 enim
1446 2301 1561 2342 dieis:
1592 2313 1707 2341 wenn
1738 2300 1811 2341 das
1840 2299 1970 2341 sanfte
2001 2299 2183 2339 Element
2212 2298 2284 2340 des
2305 2298 2490 2340 Wassers

155 2362 164 2373 ’
184 2369 372 2422 plotzlieh
400 2369 543 2420 durch,
579 2368 678 2409 oder
710 2369 751 2409 in
786 2369 1030 2410 ubervollem
1059 2369 1214 2410 Strome
1250 2370 1654 2422 dahingetrieben
1690 2369 1827 2420 wird,
1867 2375 1927 2410 est
1956 2369 2156 2422 passivus;
2194 2368 2273 2410 sin:
2302 2368 2343 2409 in
2379 2368 2492 2410 ilber-

184 2438 329 2479 vollem
356 2438 514 2479 Strome
543 2438 870 2489 dahinsturzt,
900 2439 1067 2480 medius.

378 2507 528 2547 Contra
555 2520 712 2547 versus:
743 2508 917 2547 Lucretii
947 2508 995 2557 (I.
1024 2509 1137 2553 42st
1186 2555 1190 2559 ,

862 2590 954 2616 nam
984 2590 1151 2629 corpora
1181 2584 1269 2618 sunt
1298 2583 1338 2619 et
1367 2579 1499 2630 inane,

495 2646 596 2687 haee
623 2647 663 2687 in
691 2660 771 2698 quo
801 2646 880 2687 sita
907 2652 998 2687 sunt
1027 2652 1065 2687 et
1095 2660 1175 2698 qua
1203 2647 1341 2689 divera
1368 2653 1627 2689 moventur.

304 2717 333 2756 1.
363 2717 452 2757 290.
496 2717 552 2757 sie
579 2717 699 2769 igitur
728 2716 878 2757 debent
906 2717 1013 2758 venti
1044 2729 1203 2768 quoque
1232 2716 1391 2758 flamina
1420 2719 1551 2759 ferri.

314 2790 317 2794 ’
378 2786 511 2827 Plauti
539 2787 726 2836 (Mostell.
756 2788 864 2837 982).

495 2855 586 2894 Non
616 2855 801 2906 equidem
831 2855 871 2894 in
899 2857 1130 2909 Aegyptum
1158 2856 1251 2895 hine
1279 2856 1397 2896 modo
1427 2861 1594 2896 vectus
1624 2857 1690 2896 fui

494 2923 565 2964 Set
594 2924 714 2964 etiam
745 2926 785 2964 in
813 2932 940 2965 terras
971 2926 1078 2966 solas
1108 2939 1277 2976 orasque
1307 2927 1467 2966 ultimas

494 2993 591 3035 Sum
620 2994 925 3036 circumvectus:
1464 3003 1469 3009 ·

184 3075 307 3105 seusu
335 3062 468 3104 medio
497 3068 650 3103 tantum
679 3064 736 3103 uti
766 3064 961 3104 videntur.

102 3177 106 3180 ,
278 3137 295 3154 *
375 3132 468 3173 Mox
496 3132 622 3185 'digna
649 3139 740 3174 sunt
769 3146 871 3184 quae
899 3133 1145 3174 illustrentur
1175 3147 1223 3174 ea
1258 3135 1396 3184 verba,
1428 3147 1529 3185 quae
1565 3135 1773 3174 transitum
1812 3134 2021 3184 denotantj
2060 3134 2128 3184 qui
2167 3147 2189 3174 e
2226 3138 2332 3175 statu
2368 3134 2412 3173 fit
2449 3133 2492 3172 in

181 3201 452 3254 §tntumrubn
482 3206 526 3245 ut
553 3201 609 3243 ait
636 3201 841 3252 Lehrsius,
872 3201 943 3244 der
972 3202 1151 3244 Zustand
1179 3203 1504 3256 ausgesprochen
1534 3203 1632 3243 wird
1660 3202 1757 3243 oder
1785 3203 1846 3244 ins
1874 3205 1989 3255 Auge
2018 3202 2121 3243 faut.
