<?xml version="1.0" encoding="UTF-8"?>
<!DOCTYPE html PUBLIC "-//W3C//DTD XHTML 1.0 Transitional//EN"
    "http://www.w3.org/TR/xhtml1/DTD/xhtml1-transitional.dtd">
<html xmlns="http://www.w3.org/1999/xhtml" xml:lang="en" lang="en">
 <head>
  <title>
</title>
<meta http-equiv="Content-Type" content="text/html;charset=utf-8" />
  <meta name='ocr-system' content='tesseract 3.04.00' />
  <meta name='ocr-capabilities' content='ocr_page ocr_carea ocr_par ocr_line ocrx_word'/>
</head>
<body>
  <div class='ocr_page' id='page_1' title='image "./4777366_0010.png"; bbox 0 0 2981 3591; ppageno 0'>
   <div class='ocr_carea' id='block_1_1' title="bbox 0 0 2981 1158">
    <p class='ocr_par' dir='ltr' id='par_1_1' title="bbox 0 0 2981 1158">
     <span class='ocr_line' id='line_1_1' title="bbox 0 0 2981 1158; baseline 0 0"><span class='ocrx_word' id='word_1_1' title='bbox 0 0 2981 1158; x_wconf 95' lang='lat' dir='ltr'><strong> </strong></span> 
     </span>
    </p>
   </div>
   <div class='ocr_carea' id='block_1_2' title="bbox 1013 1001 1762 1106">
    <p class='ocr_par' dir='ltr' id='par_1_2' title="bbox 1013 1001 1762 1106">
     <span class='ocr_line' id='line_1_2' title="bbox 1013 1001 1762 1106; baseline 0.003 -20"><span class='ocrx_word' id='word_1_2' title='bbox 1013 1002 1117 1087; x_wconf 85' lang='lat' dir='ltr'><strong>De</strong></span> <span class='ocrx_word' id='word_1_3' title='bbox 1172 1002 1420 1088; x_wconf 87' lang='lat' dir='ltr'><strong>medio</strong></span> <span class='ocrx_word' id='word_1_4' title='bbox 1475 1001 1762 1106; x_wconf 76' lang='lat' dir='ltr'><strong>Latine,</strong></span> 
     </span>
    </p>
   </div>
   <div class='ocr_carea' id='block_1_3' title="bbox 798 1158 1978 1208">
    <p class='ocr_par' dir='ltr' id='par_1_3' title="bbox 798 1158 1978 1208">
     <span class='ocr_line' id='line_1_3' title="bbox 798 1158 1978 1208; baseline -0.001 -12"><span class='ocrx_word' id='word_1_5' title='bbox 798 1158 994 1206; x_wconf 78' lang='lat' dir='ltr'><strong>quale</strong></span> <span class='ocrx_word' id='word_1_6' title='bbox 1023 1158 1204 1208; x_wconf 81' lang='lat' dir='ltr'><strong>apud</strong></span> <span class='ocrx_word' id='word_1_7' title='bbox 1233 1158 1553 1197; x_wconf 84' lang='lat' dir='ltr'><strong>Plautum</strong></span> <span class='ocrx_word' id='word_1_8' title='bbox 1582 1158 1978 1196; x_wconf 68' lang='lat' dir='ltr'><strong>inveniatur.</strong></span> 
     </span>
    </p>
   </div>
   <div class='ocr_carea' id='block_1_4' title="bbox 0 950 2981 3591">
    <p class='ocr_par' dir='ltr' id='par_1_4' title="bbox 0 950 2981 3591">
     <span class='ocr_line' id='line_1_4' title="bbox 0 950 2981 1325; baseline 0 -92"><span class='ocrx_word' id='word_1_9' title='bbox 0 950 2981 1325; x_wconf 95' lang='lat' dir='ltr'><strong>    </strong></span> <span class='ocrx_word' id='word_1_10' title='bbox 1978 1158 2981 1233; x_wconf 95' lang='lat' dir='ltr'><strong> </strong></span> 
     </span>
     <span class='ocr_line' id='line_1_5' title="bbox 0 1325 2981 1450; baseline 0 0"><span class='ocrx_word' id='word_1_11' title='bbox 0 1325 1238 1450; x_wconf 95' lang='lat' dir='ltr'><strong> </strong></span> <span class='ocrx_word' id='word_1_12' title='bbox 1526 1325 2981 1450; x_wconf 95' lang='lat' dir='ltr'><strong> </strong></span> 
     </span>
     <span class='ocr_line' id='line_1_6' title="bbox 2879 1450 2981 1772; baseline 0 -68"><span class='ocrx_word' id='word_1_13' title='bbox 2879 1450 2981 1772; x_wconf 95' lang='lat' dir='ltr'><strong>   </strong></span> 
     </span>
     <span class='ocr_line' id='line_1_7' title="bbox 2921 1772 2981 2053; baseline 0 -249"><span class='ocrx_word' id='word_1_14' title='bbox 2921 1772 2981 2053; x_wconf 95' lang='lat' dir='ltr'><strong>    </strong></span> 
     </span>
     <span class='ocr_line' id='line_1_8' title="bbox 2921 2053 2981 2259; baseline 0 -138"><span class='ocrx_word' id='word_1_15' title='bbox 2921 2053 2981 2259; x_wconf 95' lang='lat' dir='ltr'><strong>   </strong></span> 
     </span>
     <span class='ocr_line' id='line_1_9' title="bbox 2856 2259 2981 2536; baseline 0 0"><span class='ocrx_word' id='word_1_16' title='bbox 2856 2259 2981 2536; x_wconf 95' lang='lat' dir='ltr'><strong>    </strong></span> 
     </span>
     <span class='ocr_line' id='line_1_10' title="bbox 2812 2536 2981 2811; baseline 0 -67"><span class='ocrx_word' id='word_1_17' title='bbox 2812 2536 2981 2811; x_wconf 95' lang='lat' dir='ltr'><strong>    </strong></span> 
     </span>
     <span class='ocr_line' id='line_1_11' title="bbox 2726 2811 2981 2979; baseline 0 0"><span class='ocrx_word' id='word_1_18' title='bbox 2726 2811 2981 2979; x_wconf 95' lang='lat' dir='ltr'><strong>   </strong></span> 
     </span>
     <span class='ocr_line' id='line_1_12' title="bbox 2589 2979 2981 3229; baseline 0 -137"><span class='ocrx_word' id='word_1_19' title='bbox 2589 2979 2981 3229; x_wconf 95' lang='lat' dir='ltr'><strong>   </strong></span> 
     </span>
     <span class='ocr_line' id='line_1_13' title="bbox 2083 3229 2981 3591; baseline 0 -289"><span class='ocrx_word' id='word_1_20' title='bbox 2083 3229 2981 3591; x_wconf 95' lang='lat' dir='ltr'><strong>  </strong></span> 
     </span>
    </p>
   </div>
   <div class='ocr_carea' id='block_1_5' title="bbox 1238 1356 1539 1419">
    <p class='ocr_par' dir='ltr' id='par_1_5' title="bbox 1238 1356 1539 1419">
     <span class='ocr_line' id='line_1_14' title="bbox 1238 1356 1539 1419; baseline 0 -13"><span class='ocrx_word' id='word_1_21' title='bbox 1238 1356 1348 1406; x_wconf 85' lang='lat' dir='ltr'><strong>Pars</strong></span> <span class='ocrx_word' id='word_1_22' title='bbox 1381 1357 1539 1419; x_wconf 86' lang='lat' dir='ltr'><strong>prima.</strong></span> 
     </span>
    </p>
   </div>
   <div class='ocr_carea' id='block_1_6' title="bbox 0 1483 2955 3306">
    <p class='ocr_par' dir='ltr' id='par_1_6' title="bbox 0 1483 2978 3273">
     <span class='ocr_line' id='line_1_15' title="bbox 909 1483 1860 1537; baseline -0.001 -12"><span class='ocrx_word' id='word_1_23' title='bbox 909 1484 1184 1537; x_wconf 85' lang='lat' dir='ltr'><strong>„Recordatus</strong></span> <span class='ocrx_word' id='word_1_24' title='bbox 1212 1498 1299 1527; x_wconf 87' lang='lat' dir='ltr'><strong>sum</strong></span> <span class='ocrx_word' id='word_1_25' title='bbox 1326 1485 1490 1526; x_wconf 89' lang='lat' dir='ltr'><strong>multum</strong></span> <span class='ocrx_word' id='word_1_26' title='bbox 1519 1490 1559 1526; x_wconf 91' lang='lat' dir='ltr'><strong>et</strong></span> <span class='ocrx_word' id='word_1_27' title='bbox 1587 1484 1657 1525; x_wconf 90' lang='lat' dir='ltr'><strong>diu</strong></span> <span class='ocrx_word' id='word_1_28' title='bbox 1685 1483 1860 1537; x_wconf 87' lang='lat' dir='ltr'><strong>cogitavi</strong></span> 
     </span>
     <span class='ocr_line' id='line_1_16' title="bbox 907 1554 2496 1608; baseline 0.001 -14"><span class='ocrx_word' id='word_1_29' title='bbox 907 1555 1231 1606; x_wconf 79' lang='lat' dir='ltr'><strong>Arg-amentaque</strong></span> <span class='ocrx_word' id='word_1_30' title='bbox 1258 1556 1299 1596; x_wconf 91' lang='lat' dir='ltr'><strong>in</strong></span> <span class='ocrx_word' id='word_1_31' title='bbox 1325 1561 1462 1608; x_wconf 82' lang='lat' dir='ltr'><strong>pectus</strong></span> <span class='ocrx_word' id='word_1_32' title='bbox 1490 1555 1614 1595; x_wconf 83' lang='lat' dir='ltr'><strong>multa</strong></span> <span class='ocrx_word' id='word_1_33' title='bbox 1641 1554 1832 1605; x_wconf 86' lang='lat' dir='ltr'><strong>institui“,</strong></span> <span class='ocrx_word' id='word_1_34' title='bbox 2493 1591 2496 1595; x_wconf 89' lang='lat'>.</span> 
     </span>
     <span class='ocr_line' id='line_1_17' title="bbox 239 1622 2530 1677; baseline 0 -12"><span class='ocrx_word' id='word_1_35' title='bbox 239 1636 333 1665; x_wconf 85' lang='lat' dir='ltr'><strong>num</strong></span> <span class='ocrx_word' id='word_1_36' title='bbox 360 1636 411 1665; x_wconf 86' lang='lat' dir='ltr'><strong>ea</strong></span> <span class='ocrx_word' id='word_1_37' title='bbox 436 1623 579 1665; x_wconf 87' lang='lat' dir='ltr'><strong>litteris</strong></span> <span class='ocrx_word' id='word_1_38' title='bbox 605 1623 848 1674; x_wconf 77' lang='lat' dir='ltr'><strong>mandarem,</strong></span> <span class='ocrx_word' id='word_1_39' title='bbox 878 1636 981 1675; x_wconf 89' lang='lat' dir='ltr'><strong>quae</strong></span> <span class='ocrx_word' id='word_1_40' title='bbox 1008 1623 1106 1664; x_wconf 89' lang='lat' dir='ltr'><strong>mihi</strong></span> <span class='ocrx_word' id='word_1_41' title='bbox 1133 1623 1184 1666; x_wconf 90' lang='lat' dir='ltr'><strong>de</strong></span> <span class='ocrx_word' id='word_1_42' title='bbox 1213 1624 1325 1665; x_wconf 90' lang='lat' dir='ltr'><strong>verbi</strong></span> <span class='ocrx_word' id='word_1_43' title='bbox 1352 1636 1511 1677; x_wconf 84' lang='lat' dir='ltr'>genere,</span> <span class='ocrx_word' id='word_1_44' title='bbox 1542 1622 1649 1676; x_wconf 92' lang='lat' dir='ltr'><strong>quod</strong></span> <span class='ocrx_word' id='word_1_45' title='bbox 1677 1622 1851 1664; x_wconf 75' lang='lat' dir='ltr'><strong>medium</strong></span> <span class='ocrx_word' id='word_1_46' title='bbox 1870 1635 2069 1674; x_wconf 87' lang='lat' dir='ltr'><strong>vocamus,</strong></span> <span class='ocrx_word' id='word_1_47' title='bbox 2090 1623 2261 1664; x_wconf 88' lang='lat' dir='ltr'><strong>dicenda</strong></span> <span class='ocrx_word' id='word_1_48' title='bbox 2284 1635 2375 1666; x_wconf 73' lang='lat' dir='ltr'><strong>esse</strong></span> <span class='ocrx_word' id='word_1_49' title='bbox 2393 1623 2530 1666; x_wconf 82' lang='lat' dir='ltr'><strong>viden·</strong></span> 
     </span>
     <span class='ocr_line' id='line_1_18' title="bbox 238 1681 2529 1746; baseline 0.001 -13"><span class='ocrx_word' id='word_1_50' title='bbox 238 1697 313 1741; x_wconf 88' lang='lat' dir='ltr'><strong>tur,</strong></span> <span class='ocrx_word' id='word_1_51' title='bbox 342 1704 464 1744; x_wconf 85' lang='lat' dir='ltr'><strong>quum</strong></span> <span class='ocrx_word' id='word_1_52' title='bbox 493 1706 543 1746; x_wconf 84' lang='lat' dir='ltr'><strong>ea</strong></span> <span class='ocrx_word' id='word_1_53' title='bbox 568 1694 793 1746; x_wconf 82' lang='lat' dir='ltr'><strong>prolaturus</strong></span> <span class='ocrx_word' id='word_1_54' title='bbox 821 1693 910 1744; x_wconf 86' lang='lat' dir='ltr'><strong>sim,</strong></span> <span class='ocrx_word' id='word_1_55' title='bbox 941 1705 1045 1744; x_wconf 88' lang='lat' dir='ltr'><strong>quae</strong></span> <span class='ocrx_word' id='word_1_56' title='bbox 1072 1706 1098 1735; x_wconf 88' lang='lat' dir='ltr'><strong>a</strong></span> <span class='ocrx_word' id='word_1_57' title='bbox 1125 1693 1322 1736; x_wconf 91' lang='lat' dir='ltr'><strong>communi</strong></span> <span class='ocrx_word' id='word_1_58' title='bbox 1350 1693 1552 1734; x_wconf 91' lang='lat' dir='ltr'><strong>hominum</strong></span> <span class='ocrx_word' id='word_1_59' title='bbox 1580 1693 1720 1734; x_wconf 89' lang='lat' dir='ltr'><strong>harum</strong></span> <span class='ocrx_word' id='word_1_60' title='bbox 1746 1705 1877 1734; x_wconf 88' lang='lat' dir='ltr'><strong>rerum</strong></span> <span class='ocrx_word' id='word_1_61' title='bbox 1900 1692 2117 1744; x_wconf 85' lang='lat' dir='ltr'><strong>peritorum</strong></span> <span class='ocrx_word' id='word_1_62' title='bbox 2144 1692 2344 1734; x_wconf 70' lang='lat' dir='ltr'><strong>sententia</strong></span> <span class='ocrx_word' id='word_1_63' title='bbox 2369 1681 2529 1746; x_wconf 73' lang='lat' dir='ltr'><strong>prorsus</strong></span> 
     </span>
     <span class='ocr_line' id='line_1_19' title="bbox 238 1761 512 1804; baseline -0.007 -2"><span class='ocrx_word' id='word_1_64' title='bbox 238 1761 512 1804; x_wconf 64' lang='lat' dir='ltr'><strong>abhorreant„</strong></span> 
     </span>
     <span class='ocr_line' id='line_1_20' title="bbox 429 1831 2528 1886; baseline 0 -13"><span class='ocrx_word' id='word_1_65' title='bbox 429 1832 615 1873; x_wconf 88' lang='lat' dir='ltr'><strong>Animum</strong></span> <span class='ocrx_word' id='word_1_66' title='bbox 643 1833 748 1874; x_wconf 90' lang='lat' dir='ltr'><strong>enim</strong></span> <span class='ocrx_word' id='word_1_67' title='bbox 781 1832 920 1873; x_wconf 87' lang='lat' dir='ltr'><strong>induxi</strong></span> <span class='ocrx_word' id='word_1_68' title='bbox 947 1832 1230 1885; x_wconf 85' lang='lat' dir='ltr'><strong>demonstrare,</strong></span> <span class='ocrx_word' id='word_1_69' title='bbox 1259 1834 1354 1874; x_wconf 90' lang='lat' dir='ltr'><strong>illud</strong></span> <span class='ocrx_word' id='word_1_70' title='bbox 1381 1845 1507 1886; x_wconf 86' lang='lat' dir='ltr'><strong>genus</strong></span> <span class='ocrx_word' id='word_1_71' title='bbox 1534 1832 1650 1872; x_wconf 91' lang='lat' dir='ltr'><strong>verbi</strong></span> <span class='ocrx_word' id='word_1_72' title='bbox 1677 1832 1820 1882; x_wconf 90' lang='lat' dir='ltr'><strong>Latini,</strong></span> <span class='ocrx_word' id='word_1_73' title='bbox 1849 1831 1957 1882; x_wconf 89' lang='lat' dir='ltr'><strong>quod</strong></span> <span class='ocrx_word' id='word_1_74' title='bbox 1984 1831 2068 1872; x_wconf 85' lang='lat' dir='ltr'><strong>fere</strong></span> <span class='ocrx_word' id='word_1_75' title='bbox 2102 1844 2241 1873; x_wconf 89' lang='lat' dir='ltr'><strong>omnes</strong></span> <span class='ocrx_word' id='word_1_76' title='bbox 2269 1832 2528 1885; x_wconf 85' lang='lat' dir='ltr'><strong>,‚deponens“</strong></span> 
     </span>
     <span class='ocr_line' id='line_1_21' title="bbox 22 1900 2931 1961; baseline 0.001 -19"><span class='ocrx_word' id='word_1_77' title='bbox 22 1954 26 1958; x_wconf 16' lang='grc' dir='ltr'><em>ι</em></span> <span class='ocrx_word' id='word_1_78' title='bbox 75 1954 86 1961; x_wconf 17' lang='lat'><strong>⁴¹</strong></span> <span class='ocrx_word' id='word_1_79' title='bbox 237 1912 383 1943; x_wconf 86' lang='lat' dir='ltr'><strong>vocare</strong></span> <span class='ocrx_word' id='word_1_80' title='bbox 412 1901 704 1953; x_wconf 71' lang='lat' dir='ltr'><strong>consuevimus,</strong></span> <span class='ocrx_word' id='word_1_81' title='bbox 733 1914 859 1954; x_wconf 89' lang='lat' dir='ltr'><strong>genus</strong></span> <span class='ocrx_word' id='word_1_82' title='bbox 887 1901 1061 1943; x_wconf 87' lang='lat' dir='ltr'><strong>medium</strong></span> <span class='ocrx_word' id='word_1_83' title='bbox 1088 1915 1189 1955; x_wconf 87' lang='lat' dir='ltr'><strong>esse,</strong></span> <span class='ocrx_word' id='word_1_84' title='bbox 1217 1904 1346 1954; x_wconf 86' lang='lat' dir='ltr'><strong>n&#39;eque</strong></span> <span class='ocrx_word' id='word_1_85' title='bbox 1373 1901 1468 1943; x_wconf 90' lang='lat' dir='ltr'><strong>illud</strong></span> <span class='ocrx_word' id='word_1_86' title='bbox 1497 1901 1660 1953; x_wconf 89' lang='lat' dir='ltr'><strong>quidem</strong></span> <span class='ocrx_word' id='word_1_87' title='bbox 1687 1914 1713 1943; x_wconf 89' lang='lat' dir='ltr'><strong>a</strong></span> <span class='ocrx_word' id='word_1_88' title='bbox 1739 1901 1871 1942; x_wconf 90' lang='lat' dir='ltr'><strong>medio</strong></span> <span class='ocrx_word' id='word_1_89' title='bbox 1900 1900 2057 1943; x_wconf 87' lang='lat' dir='ltr'><strong>Graeco</strong></span> <span class='ocrx_word' id='word_1_90' title='bbox 2085 1900 2364 1944; x_wconf 88' lang='lat' dir='ltr'><strong>dirimendum.</strong></span> <span class='ocrx_word' id='word_1_91' title='bbox 2564 1926 2570 1928; x_wconf 28' lang='grc' dir='ltr'><strong><em>Δ</em></strong></span> <span class='ocrx_word' id='word_1_92' title='bbox 2912 1915 2931 1929; x_wconf 43' lang='grc' dir='ltr'><strong>ι</strong></span> 
     </span>
     <span class='ocr_line' id='line_1_22' title="bbox 0 1957 2955 2025; baseline 0.001 -16"><span class='ocrx_word' id='word_1_93' title='bbox 0 1991 57 2034; x_wconf 57' lang='lat'><strong>⁴?</strong></span> <span class='ocrx_word' id='word_1_94' title='bbox 206 2007 211 2013; x_wconf 88' lang='lat'><em>.</em></span> <span class='ocrx_word' id='word_1_95' title='bbox 425 1969 538 2012; x_wconf 85' lang='lat' dir='ltr'><strong>Sane</strong></span> <span class='ocrx_word' id='word_1_96' title='bbox 565 1984 712 2024; x_wconf 85' lang='lat' dir='ltr'><strong>magna</strong></span> <span class='ocrx_word' id='word_1_97' title='bbox 738 1971 888 2023; x_wconf 90' lang='lat' dir='ltr'><strong>molior,</strong></span> <span class='ocrx_word' id='word_1_98' title='bbox 918 1971 993 2013; x_wconf 90' lang='lat' dir='ltr'><strong>sed</strong></span> <span class='ocrx_word' id='word_1_99' title='bbox 1010 1984 1132 2012; x_wconf 90' lang='lat' dir='ltr'><strong>unum</strong></span> <span class='ocrx_word' id='word_1_100' title='bbox 1151 1976 1269 2024; x_wconf 85' lang='lat' dir='ltr'><strong>atque</strong></span> <span class='ocrx_word' id='word_1_101' title='bbox 1289 1972 1388 2013; x_wconf 89' lang='lat' dir='ltr'><strong>illud</strong></span> <span class='ocrx_word' id='word_1_102' title='bbox 1407 1970 1567 2023; x_wconf 86' lang='lat' dir='ltr'><strong>quidem</strong></span> <span class='ocrx_word' id='word_1_103' title='bbox 1584 1970 1866 2024; x_wconf 85' lang='lat' dir='ltr'><strong>gravissimum</strong></span> <span class='ocrx_word' id='word_1_104' title='bbox 1887 1970 2084 2023; x_wconf 88' lang='lat' dir='ltr'><strong>judicium</strong></span> <span class='ocrx_word' id='word_1_105' title='bbox 2101 1970 2273 2021; x_wconf 83' lang='lat' dir='ltr'><strong>Lehrsii,</strong></span> <span class='ocrx_word' id='word_1_106' title='bbox 2287 1971 2359 2012; x_wconf 84' lang='lat' dir='ltr'><strong>viri</strong></span> <span class='ocrx_word' id='word_1_107' title='bbox 2386 1971 2529 2025; x_wconf 80' lang='lat' dir='ltr'><strong>optimi</strong></span> <span class='ocrx_word' id='word_1_108' title='bbox 2891 1957 2955 2024; x_wconf 45' lang='grc' dir='ltr'><strong>,ἵζ’</strong></span> 
     </span>
     <span class='ocr_line' id='line_1_23' title="bbox 159 2030 2951 2097; baseline 0 -15.946"><span class='ocrx_word' id='word_1_109' title='bbox 159 2046 171 2051; x_wconf 71' lang='grc'><em>“</em></span> <span class='ocrx_word' id='word_1_110' title='bbox 236 2051 288 2081; x_wconf 77' lang='lat' dir='ltr'><strong>ac</strong></span> <span class='ocrx_word' id='word_1_111' title='bbox 314 2039 601 2091; x_wconf 67' lang='lat' dir='ltr'><strong>candidianum,</strong></span> <span class='ocrx_word' id='word_1_112' title='bbox 628 2040 900 2094; x_wconf 85' lang='lat' dir='ltr'><strong>praeceptoris</strong></span> <span class='ocrx_word' id='word_1_113' title='bbox 926 2040 1005 2081; x_wconf 83' lang='lat' dir='ltr'><strong>mei</strong></span> <span class='ocrx_word' id='word_1_114' title='bbox 1033 2041 1361 2082; x_wconf 84' lang='lat' dir='ltr'><strong>venerandissimi</strong></span> <span class='ocrx_word' id='word_1_115' title='bbox 1387 2053 1450 2081; x_wconf 89' lang='lat' dir='ltr'><strong>me</strong></span> <span class='ocrx_word' id='word_1_116' title='bbox 1478 2044 1687 2081; x_wconf 85' lang='lat' dir='ltr'><strong>sustentat.</strong></span> <span class='ocrx_word' id='word_1_117' title='bbox 1733 2040 1810 2080; x_wconf 91' lang='lat' dir='ltr'><strong>Hic</strong></span> <span class='ocrx_word' id='word_1_118' title='bbox 1837 2040 1944 2081; x_wconf 89' lang='lat' dir='ltr'><strong>enim</strong></span> <span class='ocrx_word' id='word_1_119' title='bbox 1970 2040 2032 2080; x_wconf 85' lang='lat' dir='ltr'><strong>vir</strong></span> <span class='ocrx_word' id='word_1_120' title='bbox 2059 2040 2196 2081; x_wconf 82' lang='lat' dir='ltr'><strong>talium</strong></span> <span class='ocrx_word' id='word_1_121' title='bbox 2223 2052 2354 2081; x_wconf 82' lang='lat' dir='ltr'><strong>rerum</strong></span> <span class='ocrx_word' id='word_1_122' title='bbox 2370 2036 2527 2093; x_wconf 68' lang='lat' dir='ltr'><strong>penti&#39;n-</strong></span> <span class='ocrx_word' id='word_1_123' title='bbox 2586 2081 2589 2083; x_wconf 71' lang='grc'><strong>,</strong></span> <span class='ocrx_word' id='word_1_124' title='bbox 2885 2040 2924 2097; x_wconf 59' lang='lat'><strong>{112</strong></span> <span class='ocrx_word' id='word_1_125' title='bbox 2944 2030 2951 2034; x_wconf 54' lang='grc'><strong>”</strong></span> 
     </span>
     <span class='ocr_line' id='line_1_24' title="bbox 0 2089 2531 2163; baseline -0.001 -12"><span class='ocrx_word' id='word_1_126' title='bbox 0 2089 61 2163; x_wconf 41' lang='grc' dir='ltr'><strong>Ξ,</strong></span> <span class='ocrx_word' id='word_1_127' title='bbox 237 2108 362 2151; x_wconf 87' lang='lat' dir='ltr'><strong>simus</strong></span> <span class='ocrx_word' id='word_1_128' title='bbox 390 2108 432 2150; x_wconf 89' lang='lat' dir='ltr'><strong>in</strong></span> <span class='ocrx_word' id='word_1_129' title='bbox 459 2109 611 2162; x_wconf 89' lang='lat' dir='ltr'><strong>schola,</strong></span> <span class='ocrx_word' id='word_1_130' title='bbox 642 2122 762 2161; x_wconf 89' lang='lat' dir='ltr'><strong>quam</strong></span> <span class='ocrx_word' id='word_1_131' title='bbox 790 2110 841 2151; x_wconf 93' lang='lat' dir='ltr'><strong>de</strong></span> <span class='ocrx_word' id='word_1_132' title='bbox 868 2109 1001 2151; x_wconf 91' lang='lat' dir='ltr'><strong>medio</strong></span> <span class='ocrx_word' id='word_1_133' title='bbox 1029 2109 1186 2152; x_wconf 87' lang='lat' dir='ltr'><strong>Graeco</strong></span> <span class='ocrx_word' id='word_1_134' title='bbox 1213 2110 1368 2161; x_wconf 87' lang='lat' dir='ltr'><strong>habuit,</strong></span> <span class='ocrx_word' id='word_1_135' title='bbox 1397 2108 1713 2151; x_wconf 84' lang='lat' dir='ltr'><strong>luculentissime</strong></span> <span class='ocrx_word' id='word_1_136' title='bbox 1742 2109 2027 2162; x_wconf 82' lang='lat' dir='ltr'><strong>comprobavit,</strong></span> <span class='ocrx_word' id='word_1_137' title='bbox 2056 2121 2184 2161; x_wconf 87' lang='lat' dir='ltr'><strong>genus</strong></span> <span class='ocrx_word' id='word_1_138' title='bbox 2210 2109 2386 2151; x_wconf 87' lang='lat' dir='ltr'><strong>medium</strong></span> <span class='ocrx_word' id='word_1_139' title='bbox 2412 2106 2531 2151; x_wconf 66' lang='lat' dir='ltr'><strong>verbi</strong></span> 
     </span>
     <span class='ocr_line' id='line_1_25' title="bbox 0 2176 2912 2242; baseline 0.001 -26"><span class='ocrx_word' id='word_1_140' title='bbox 0 2176 50 2236; x_wconf 17' lang='grc' dir='ltr'><strong>ξιξ-3</strong></span> <span class='ocrx_word' id='word_1_141' title='bbox 237 2177 385 2220; x_wconf 76' lang='lat' dir='ltr'><strong>Graeci</strong></span> <span class='ocrx_word' id='word_1_142' title='bbox 413 2179 724 2232; x_wconf 87' lang='lat' dir='ltr'><strong>comparandum</strong></span> <span class='ocrx_word' id='word_1_143' title='bbox 753 2192 842 2221; x_wconf 87' lang='lat' dir='ltr'><strong>esse</strong></span> <span class='ocrx_word' id='word_1_144' title='bbox 871 2192 961 2220; x_wconf 90' lang='lat' dir='ltr'><strong>cum</strong></span> <span class='ocrx_word' id='word_1_145' title='bbox 988 2192 1037 2221; x_wconf 92' lang='lat' dir='ltr'><strong>eo</strong></span> <span class='ocrx_word' id='word_1_146' title='bbox 1066 2192 1211 2232; x_wconf 87' lang='lat' dir='ltr'><strong>genere</strong></span> <span class='ocrx_word' id='word_1_147' title='bbox 1239 2180 1352 2220; x_wconf 86' lang='lat' dir='ltr'><strong>verbi</strong></span> <span class='ocrx_word' id='word_1_148' title='bbox 1379 2179 1523 2230; x_wconf 88' lang='lat' dir='ltr'><strong>Latini,</strong></span> <span class='ocrx_word' id='word_1_149' title='bbox 1552 2178 1660 2230; x_wconf 88' lang='lat' dir='ltr'><strong>quod</strong></span> <span class='ocrx_word' id='word_1_150' title='bbox 1686 2178 1893 2231; x_wconf 90' lang='lat' dir='ltr'><strong>deponens</strong></span> <span class='ocrx_word' id='word_1_151' title='bbox 1922 2179 2099 2220; x_wconf 86' lang='lat' dir='ltr'><strong>dicimus.</strong></span> <span class='ocrx_word' id='word_1_152' title='bbox 2465 2213 2480 2218; x_wconf 69' lang='lat'><em>4</em></span> <span class='ocrx_word' id='word_1_153' title='bbox 2512 2233 2515 2234; x_wconf 19' lang='lat'><em>⁷</em></span> <span class='ocrx_word' id='word_1_154' title='bbox 2862 2185 2912 2242; x_wconf 63' lang='lat'><strong>412,</strong></span> 
     </span>
     <span class='ocr_line' id='line_1_26' title="bbox 0 2235 2530 2318; baseline 0 -28"><span class='ocrx_word' id='word_1_155' title='bbox 0 2235 57 2318; x_wconf 59' lang='grc' dir='ltr'>Ξ</span> <span class='ocrx_word' id='word_1_156' title='bbox 429 2249 561 2300; x_wconf 86' lang='lat' dir='ltr'><strong>Atque</strong></span> <span class='ocrx_word' id='word_1_157' title='bbox 582 2250 669 2301; x_wconf 85' lang='lat' dir='ltr'><strong>jam</strong></span> <span class='ocrx_word' id='word_1_158' title='bbox 709 2247 865 2301; x_wconf 82' lang='lat' dir='ltr'><strong>pridem</strong></span> <span class='ocrx_word' id='word_1_159' title='bbox 906 2248 1048 2290; x_wconf 89' lang='lat' dir='ltr'><strong>mirum</strong></span> <span class='ocrx_word' id='word_1_160' title='bbox 1090 2249 1220 2290; x_wconf 88' lang='lat' dir='ltr'><strong>visum</strong></span> <span class='ocrx_word' id='word_1_161' title='bbox 1247 2254 1325 2297; x_wconf 81' lang='lat' dir='ltr'><strong>est,</strong></span> <span class='ocrx_word' id='word_1_162' title='bbox 1353 2247 1475 2300; x_wconf 88' lang='lat' dir='ltr'><strong>quod,</strong></span> <span class='ocrx_word' id='word_1_163' title='bbox 1506 2260 1629 2299; x_wconf 90' lang='lat' dir='ltr'><strong>quum</strong></span> <span class='ocrx_word' id='word_1_164' title='bbox 1655 2248 1814 2300; x_wconf 89' lang='lat' dir='ltr'><strong>linguae</strong></span> <span class='ocrx_word' id='word_1_165' title='bbox 1841 2247 2082 2300; x_wconf 86' lang='lat' dir='ltr'><strong>Sanscritae,</strong></span> <span class='ocrx_word' id='word_1_166' title='bbox 2110 2247 2319 2300; x_wconf 74' lang='lat' dir='ltr'><strong>Gothicae,</strong></span> <span class='ocrx_word' id='word_1_167' title='bbox 2346 2247 2530 2294; x_wconf 56' lang='lat' dir='ltr'><strong>Graan</strong></span> 
     </span>
     <span class='ocr_line' id='line_1_27' title="bbox 0 2310 2585 2384; baseline 0 -26"><span class='ocrx_word' id='word_1_168' title='bbox 0 2335 49 2384; x_wconf 46' lang='grc' dir='ltr'><strong>ἑ)</strong></span> <span class='ocrx_word' id='word_1_169' title='bbox 68 2347 86 2381; x_wconf 64' lang='lat'><strong>1</strong></span> <span class='ocrx_word' id='word_1_170' title='bbox 235 2317 350 2360; x_wconf 81' lang='lat' dir='ltr'><strong>verbi</strong></span> <span class='ocrx_word' id='word_1_171' title='bbox 377 2330 505 2370; x_wconf 84' lang='lat' dir='ltr'><strong>genus</strong></span> <span class='ocrx_word' id='word_1_172' title='bbox 531 2317 705 2359; x_wconf 87' lang='lat' dir='ltr'><strong>medium</strong></span> <span class='ocrx_word' id='word_1_173' title='bbox 732 2318 936 2369; x_wconf 80' lang='lat' dir='ltr'><strong>tribuatur,</strong></span> <span class='ocrx_word' id='word_1_174' title='bbox 955 2317 1063 2358; x_wconf 89' lang='lat' dir='ltr'><strong>idem</strong></span> <span class='ocrx_word' id='word_1_175' title='bbox 1081 2318 1242 2371; x_wconf 83' lang='lat' dir='ltr'><strong>linguae</strong></span> <span class='ocrx_word' id='word_1_176' title='bbox 1262 2318 1427 2359; x_wconf 84' lang='lat' dir='ltr'><strong>Latinae</strong></span> <span class='ocrx_word' id='word_1_177' title='bbox 1445 2317 1687 2370; x_wconf 85' lang='lat' dir='ltr'><strong>abrogemus</strong></span> <span class='ocrx_word' id='word_1_178' title='bbox 1705 2322 1827 2368; x_wconf 81' lang='lat' dir='ltr'><strong>atque</strong></span> <span class='ocrx_word' id='word_1_179' title='bbox 1856 2317 1932 2357; x_wconf 88' lang='lat' dir='ltr'><strong>hoc</strong></span> <span class='ocrx_word' id='word_1_180' title='bbox 1951 2317 2114 2368; x_wconf 85' lang='lat' dir='ltr'><strong>quidem</strong></span> <span class='ocrx_word' id='word_1_181' title='bbox 2142 2330 2189 2358; x_wconf 92' lang='lat' dir='ltr'><strong>eo</strong></span> <span class='ocrx_word' id='word_1_182' title='bbox 2217 2322 2405 2371; x_wconf 81' lang='lat' dir='ltr'><strong>tempore,</strong></span> <span class='ocrx_word' id='word_1_183' title='bbox 2432 2310 2544 2370; x_wconf 72' lang='lat' dir='ltr'><strong>quo,¹</strong></span> <span class='ocrx_word' id='word_1_184' title='bbox 2577 2357 2585 2364; x_wconf 80' lang='grc'>,</span> 
     </span>
     <span class='ocr_line' id='line_1_28' title="bbox 66 2384 2531 2440; baseline 0 -12"><span class='ocrx_word' id='word_1_185' title='bbox 66 2389 69 2392; x_wconf 68' lang='grc'><em>”</em></span> <span class='ocrx_word' id='word_1_186' title='bbox 235 2385 365 2440; x_wconf 68' lang='lat' dir='ltr'><strong>adjuti</strong></span> <span class='ocrx_word' id='word_1_187' title='bbox 399 2399 534 2428; x_wconf 87' lang='lat' dir='ltr'><strong>eorum</strong></span> <span class='ocrx_word' id='word_1_188' title='bbox 568 2386 742 2427; x_wconf 86' lang='lat' dir='ltr'><strong>virorum</strong></span> <span class='ocrx_word' id='word_1_189' title='bbox 776 2386 936 2438; x_wconf 86' lang='lat' dir='ltr'><strong>studiis,</strong></span> <span class='ocrx_word' id='word_1_190' title='bbox 972 2387 1038 2438; x_wconf 84' lang='lat' dir='ltr'><strong>qui</strong></span> <span class='ocrx_word' id='word_1_191' title='bbox 1073 2399 1235 2440; x_wconf 87' lang='lat' dir='ltr'><strong>operam</strong></span> <span class='ocrx_word' id='word_1_192' title='bbox 1262 2399 1374 2428; x_wconf 89' lang='lat' dir='ltr'><strong>suam</strong></span> <span class='ocrx_word' id='word_1_193' title='bbox 1401 2386 1440 2426; x_wconf 93' lang='lat' dir='ltr'><strong>in</strong></span> <span class='ocrx_word' id='word_1_194' title='bbox 1469 2385 1749 2439; x_wconf 87' lang='lat' dir='ltr'><strong>comparandis</strong></span> <span class='ocrx_word' id='word_1_195' title='bbox 1777 2385 1963 2425; x_wconf 89' lang='lat' dir='ltr'><strong>Ariorum</strong></span> <span class='ocrx_word' id='word_1_196' title='bbox 1996 2386 2143 2438; x_wconf 89' lang='lat' dir='ltr'><strong>linguis</strong></span> <span class='ocrx_word' id='word_1_197' title='bbox 2169 2386 2380 2437; x_wconf 80' lang='lat' dir='ltr'><strong>collocant,</strong></span> <span class='ocrx_word' id='word_1_198' title='bbox 2406 2384 2531 2428; x_wconf 75' lang='lat' dir='ltr'><strong>debe-</strong></span> 
     </span>
     <span class='ocr_line' id='line_1_29' title="bbox 202 2455 2533 2509; baseline 0 -12"><span class='ocrx_word' id='word_1_199' title='bbox 202 2457 214 2467; x_wconf 68' lang='grc'><strong>“’</strong></span> <span class='ocrx_word' id='word_1_200' title='bbox 235 2456 378 2498; x_wconf 79' lang='lat' dir='ltr'><strong>bamus</strong></span> <span class='ocrx_word' id='word_1_201' title='bbox 412 2456 676 2508; x_wconf 85' lang='lat' dir='ltr'><strong>intellexisse,</strong></span> <span class='ocrx_word' id='word_1_202' title='bbox 712 2468 802 2496; x_wconf 89' lang='lat' dir='ltr'><strong>cum</strong></span> <span class='ocrx_word' id='word_1_203' title='bbox 835 2456 936 2497; x_wconf 80' lang='lat' dir='ltr'><strong>alias</strong></span> <span class='ocrx_word' id='word_1_204' title='bbox 969 2460 1053 2496; x_wconf 91' lang='lat' dir='ltr'><strong>tum</strong></span> <span class='ocrx_word' id='word_1_205' title='bbox 1080 2456 1237 2509; x_wconf 81' lang='lat' dir='ltr'><strong>linguas</strong></span> <span class='ocrx_word' id='word_1_206' title='bbox 1262 2455 1457 2497; x_wconf 82' lang='lat' dir='ltr'><strong>Graecam</strong></span> <span class='ocrx_word' id='word_1_207' title='bbox 1484 2455 1750 2506; x_wconf 86' lang='lat' dir='ltr'><strong>Latinamque</strong></span> <span class='ocrx_word' id='word_1_208' title='bbox 1777 2460 1863 2495; x_wconf 88' lang='lat' dir='ltr'><strong>arto</strong></span> <span class='ocrx_word' id='word_1_209' title='bbox 1893 2455 2143 2507; x_wconf 81' lang='lat' dir='ltr'><strong>cognationis</strong></span> <span class='ocrx_word' id='word_1_210' title='bbox 2170 2455 2327 2496; x_wconf 84' lang='lat' dir='ltr'><strong>vinculo</strong></span> <span class='ocrx_word' id='word_1_211' title='bbox 2353 2455 2465 2497; x_wconf 68' lang='lat' dir='ltr'><strong>inter</strong></span> <span class='ocrx_word' id='word_1_212' title='bbox 2482 2457 2533 2497; x_wconf 73' lang='grc' dir='ltr'><strong>ω’</strong></span> 
     </span>
     <span class='ocr_line' id='line_1_30' title="bbox 238 2527 603 2578; baseline -0.003 -11"><span class='ocrx_word' id='word_1_213' title='bbox 238 2527 471 2578; x_wconf 83' lang='lat' dir='ltr'><strong>conjunctas</strong></span> <span class='ocrx_word' id='word_1_214' title='bbox 499 2538 603 2566; x_wconf 87' lang='lat' dir='ltr'><strong>esse.</strong></span> 
     </span>
     <span class='ocr_line' id='line_1_31' title="bbox 427 2589 2534 2647; baseline 0 -11"><span class='ocrx_word' id='word_1_215' title='bbox 427 2594 545 2645; x_wconf 84' lang='lat' dir='ltr'><strong>Quod</strong></span> <span class='ocrx_word' id='word_1_216' title='bbox 559 2608 630 2637; x_wconf 88' lang='lat' dir='ltr'><strong>cur</strong></span> <span class='ocrx_word' id='word_1_217' title='bbox 644 2599 764 2637; x_wconf 88' lang='lat' dir='ltr'><strong>antea</strong></span> <span class='ocrx_word' id='word_1_218' title='bbox 779 2594 927 2636; x_wconf 84' lang='lat' dir='ltr'><strong>factum</strong></span> <span class='ocrx_word' id='word_1_219' title='bbox 941 2595 994 2636; x_wconf 86' lang='lat' dir='ltr'><strong>sit</strong></span> <span class='ocrx_word' id='word_1_220' title='bbox 1006 2599 1127 2647; x_wconf 89' lang='lat' dir='ltr'><strong>atque</strong></span> <span class='ocrx_word' id='word_1_221' title='bbox 1154 2594 1274 2635; x_wconf 86' lang='lat' dir='ltr'><strong>etiam</strong></span> <span class='ocrx_word' id='word_1_222' title='bbox 1302 2607 1406 2635; x_wconf 92' lang='lat' dir='ltr'><strong>nunc</strong></span> <span class='ocrx_word' id='word_1_223' title='bbox 1433 2594 1519 2636; x_wconf 86' lang='lat' dir='ltr'><strong>fere</strong></span> <span class='ocrx_word' id='word_1_224' title='bbox 1546 2595 1626 2646; x_wconf 88' lang='lat' dir='ltr'><strong>fiat,</strong></span> <span class='ocrx_word' id='word_1_225' title='bbox 1648 2608 1727 2636; x_wconf 91' lang='lat' dir='ltr'><strong>non</strong></span> <span class='ocrx_word' id='word_1_226' title='bbox 1756 2594 1919 2642; x_wconf 85' lang='lat' dir='ltr'><strong>difficile</strong></span> <span class='ocrx_word' id='word_1_227' title='bbox 1948 2592 2104 2633; x_wconf 88' lang='lat' dir='ltr'><strong>videtur</strong></span> <span class='ocrx_word' id='word_1_228' title='bbox 2131 2592 2185 2633; x_wconf 87' lang='lat' dir='ltr'><strong>ad</strong></span> <span class='ocrx_word' id='word_1_229' title='bbox 2213 2589 2534 2646; x_wconf 58' lang='lat' dir='ltr'><strong>intelligendum.</strong></span> 
     </span>
     <span class='ocr_line' id='line_1_32' title="bbox 426 2661 2530 2723; baseline 0 -17"><span class='ocrx_word' id='word_1_230' title='bbox 426 2664 605 2706; x_wconf 90' lang='lat' dir='ltr'><strong>Plurima</strong></span> <span class='ocrx_word' id='word_1_231' title='bbox 631 2665 738 2706; x_wconf 86' lang='lat' dir='ltr'><strong>enim</strong></span> <span class='ocrx_word' id='word_1_232' title='bbox 755 2666 880 2706; x_wconf 84' lang='lat' dir='ltr'><strong>verba</strong></span> <span class='ocrx_word' id='word_1_233' title='bbox 899 2665 1067 2714; x_wconf 82' lang='lat' dir='ltr'><strong>Graeca,</strong></span> <span class='ocrx_word' id='word_1_234' title='bbox 1096 2676 1199 2715; x_wconf 87' lang='lat' dir='ltr'><strong>quae</strong></span> <span class='ocrx_word' id='word_1_235' title='bbox 1228 2664 1395 2706; x_wconf 87' lang='lat' dir='ltr'><strong>formam</strong></span> <span class='ocrx_word' id='word_1_236' title='bbox 1421 2665 1597 2706; x_wconf 88' lang='lat' dir='ltr'><strong>mediam</strong></span> <span class='ocrx_word' id='word_1_237' title='bbox 1616 2665 1778 2715; x_wconf 87' lang='lat' dir='ltr'><strong>habent,</strong></span> <span class='ocrx_word' id='word_1_238' title='bbox 1798 2663 1919 2704; x_wconf 88' lang='lat' dir='ltr'><strong>etiam</strong></span> <span class='ocrx_word' id='word_1_239' title='bbox 1948 2662 2087 2704; x_wconf 88' lang='lat' dir='ltr'><strong>formis</strong></span> <span class='ocrx_word' id='word_1_240' title='bbox 2112 2662 2249 2704; x_wconf 84' lang='lat' dir='ltr'><strong>activa</strong></span> <span class='ocrx_word' id='word_1_241' title='bbox 2274 2663 2337 2704; x_wconf 87' lang='lat' dir='ltr'><strong>vel</strong></span> <span class='ocrx_word' id='word_1_242' title='bbox 2364 2661 2530 2723; x_wconf 59' lang='lat' dir='ltr'><strong>passiva</strong></span> 
     </span>
     <span class='ocr_line' id='line_1_33' title="bbox 235 2731 2536 2786; baseline 0 -11"><span class='ocrx_word' id='word_1_243' title='bbox 235 2732 481 2776; x_wconf 78' lang='lat' dir='ltr'><strong>conformata</strong></span> <span class='ocrx_word' id='word_1_244' title='bbox 505 2734 771 2786; x_wconf 84' lang='lat' dir='ltr'><strong>inveniuntur,</strong></span> <span class='ocrx_word' id='word_1_245' title='bbox 799 2747 936 2776; x_wconf 87' lang='lat' dir='ltr'><strong>verum</strong></span> <span class='ocrx_word' id='word_1_246' title='bbox 964 2734 1021 2775; x_wconf 84' lang='lat' dir='ltr'><strong>ita</strong></span> <span class='ocrx_word' id='word_1_247' title='bbox 1048 2733 1222 2785; x_wconf 88' lang='lat' dir='ltr'><strong>quidem,</strong></span> <span class='ocrx_word' id='word_1_248' title='bbox 1251 2739 1294 2775; x_wconf 85' lang='lat' dir='ltr'><strong>ut</strong></span> <span class='ocrx_word' id='word_1_249' title='bbox 1318 2747 1391 2775; x_wconf 88' lang='lat' dir='ltr'><strong>sua</strong></span> <span class='ocrx_word' id='word_1_250' title='bbox 1410 2733 1553 2785; x_wconf 86' lang='lat' dir='ltr'><strong>cuique</strong></span> <span class='ocrx_word' id='word_1_251' title='bbox 1571 2734 1721 2776; x_wconf 88' lang='lat' dir='ltr'><strong>formae</strong></span> <span class='ocrx_word' id='word_1_252' title='bbox 1750 2732 1989 2785; x_wconf 84' lang='lat' dir='ltr'><strong>significatio</strong></span> <span class='ocrx_word' id='word_1_253' title='bbox 2009 2736 2192 2774; x_wconf 86' lang='lat' dir='ltr'><strong>servetur</strong></span> <span class='ocrx_word' id='word_1_254' title='bbox 2208 2731 2382 2786; x_wconf 63' lang='lat' dir='ltr'><strong>integi-63</strong></span> <span class='ocrx_word' id='word_1_255' title='bbox 2408 2732 2536 2778; x_wconf 61' lang='lat' dir='ltr'><strong>verba</strong></span> 
     </span>
     <span class='ocr_line' id='line_1_34' title="bbox 234 2797 2533 2857; baseline 0 -11"><span class='ocrx_word' id='word_1_256' title='bbox 234 2802 380 2846; x_wconf 72' lang='lat' dir='ltr'><strong>Latina</strong></span> <span class='ocrx_word' id='word_1_257' title='bbox 405 2808 539 2846; x_wconf 87' lang='lat' dir='ltr'><strong>autem</strong></span> <span class='ocrx_word' id='word_1_258' title='bbox 565 2802 739 2845; x_wconf 89' lang='lat' dir='ltr'><strong>mediam</strong></span> <span class='ocrx_word' id='word_1_259' title='bbox 767 2817 793 2845; x_wconf 87' lang='lat' dir='ltr'><strong>a</strong></span> <span class='ocrx_word' id='word_1_260' title='bbox 819 2802 984 2857; x_wconf 88' lang='lat' dir='ltr'><strong>passiva</strong></span> <span class='ocrx_word' id='word_1_261' title='bbox 1011 2802 1342 2856; x_wconf 84' lang='lat' dir='ltr'><strong>significationem</strong></span> <span class='ocrx_word' id='word_1_262' title='bbox 1360 2802 1489 2844; x_wconf 71' lang='lat' dir='ltr'><strong>forma</strong></span> <span class='ocrx_word' id='word_1_263' title='bbox 1506 2816 1587 2844; x_wconf 91' lang='lat' dir='ltr'><strong>non</strong></span> <span class='ocrx_word' id='word_1_264' title='bbox 1604 2807 1830 2855; x_wconf 86' lang='lat' dir='ltr'><strong>segregant.</strong></span> <span class='ocrx_word' id='word_1_265' title='bbox 1878 2801 2019 2853; x_wconf 86' lang='lat' dir='ltr'><strong>Itaque</strong></span> <span class='ocrx_word' id='word_1_266' title='bbox 2044 2801 2079 2843; x_wconf 87' lang='lat' dir='ltr'><strong>si</strong></span> <span class='ocrx_word' id='word_1_267' title='bbox 2098 2800 2252 2844; x_wconf 83' lang='lat' dir='ltr'><strong>formae</strong></span> <span class='ocrx_word' id='word_1_268' title='bbox 2270 2801 2400 2844; x_wconf 63' lang='lat' dir='ltr'><strong>solim</strong></span> <span class='ocrx_word' id='word_1_269' title='bbox 2414 2797 2533 2857; x_wconf 60' lang='grc' dir='ltr'><strong>ἠκο-</strong></span> 
     </span>
     <span class='ocr_line' id='line_1_35' title="bbox 235 2869 2534 2925; baseline 0 -12"><span class='ocrx_word' id='word_1_270' title='bbox 235 2875 378 2925; x_wconf 81' lang='lat' dir='ltr'><strong>tantur,</strong></span> <span class='ocrx_word' id='word_1_271' title='bbox 406 2872 486 2915; x_wconf 81' lang='lat' dir='ltr'><strong>duo</strong></span> <span class='ocrx_word' id='word_1_272' title='bbox 513 2873 633 2915; x_wconf 90' lang='lat' dir='ltr'><strong>modo</strong></span> <span class='ocrx_word' id='word_1_273' title='bbox 661 2885 811 2925; x_wconf 82' lang='lat' dir='ltr'><strong>genera</strong></span> <span class='ocrx_word' id='word_1_274' title='bbox 837 2872 949 2914; x_wconf 91' lang='lat' dir='ltr'><strong>verbi</strong></span> <span class='ocrx_word' id='word_1_275' title='bbox 976 2872 1150 2913; x_wconf 88' lang='lat' dir='ltr'><strong>activum</strong></span> <span class='ocrx_word' id='word_1_276' title='bbox 1178 2876 1218 2913; x_wconf 90' lang='lat' dir='ltr'><strong>et</strong></span> <span class='ocrx_word' id='word_1_277' title='bbox 1245 2872 1449 2925; x_wconf 88' lang='lat' dir='ltr'><strong>passivum</strong></span> <span class='ocrx_word' id='word_1_278' title='bbox 1476 2872 1689 2922; x_wconf 80' lang='lat' dir='ltr'><strong>habentur3</strong></span> <span class='ocrx_word' id='word_1_279' title='bbox 1718 2884 1849 2922; x_wconf 89' lang='lat' dir='ltr'><strong>neque</strong></span> <span class='ocrx_word' id='word_1_280' title='bbox 1877 2870 1977 2911; x_wconf 91' lang='lat' dir='ltr'><strong>illud</strong></span> <span class='ocrx_word' id='word_1_281' title='bbox 2005 2870 2091 2911; x_wconf 86' lang='lat' dir='ltr'><strong>fere</strong></span> <span class='ocrx_word' id='word_1_282' title='bbox 2119 2871 2251 2912; x_wconf 79' lang='lat' dir='ltr'><strong>animo</strong></span> <span class='ocrx_word' id='word_1_283' title='bbox 2281 2869 2534 2925; x_wconf 50' lang='lat' dir='ltr'><strong>obvoluta,</strong></span> 
     </span>
     <span class='ocr_line' id='line_1_36' title="bbox 230 2940 2562 2995; baseline -0.001 -13"><span class='ocrx_word' id='word_1_284' title='bbox 230 2940 365 2983; x_wconf 57' lang='lat' dir='ltr'><strong>forma</strong></span> <span class='ocrx_word' id='word_1_285' title='bbox 374 2942 554 2995; x_wconf 87' lang='lat' dir='ltr'><strong>passiva</strong></span> <span class='ocrx_word' id='word_1_286' title='bbox 584 2946 624 2984; x_wconf 90' lang='lat' dir='ltr'><strong>et</strong></span> <span class='ocrx_word' id='word_1_287' title='bbox 650 2941 858 2994; x_wconf 78' lang='lat' dir='ltr'><strong>passivam</strong></span> <span class='ocrx_word' id='word_1_288' title='bbox 881 2946 923 2982; x_wconf 91' lang='lat' dir='ltr'><strong>et</strong></span> <span class='ocrx_word' id='word_1_289' title='bbox 949 2941 1123 2983; x_wconf 87' lang='lat' dir='ltr'><strong>mediam</strong></span> <span class='ocrx_word' id='word_1_290' title='bbox 1150 2941 1476 2993; x_wconf 85' lang='lat' dir='ltr'><strong>significationem</strong></span> <span class='ocrx_word' id='word_1_291' title='bbox 1502 2941 1620 2982; x_wconf 89' lang='lat' dir='ltr'><strong>reddi</strong></span> <span class='ocrx_word' id='word_1_292' title='bbox 1646 2953 1779 2993; x_wconf 86' lang='lat' dir='ltr'><strong>posse.</strong></span> <span class='ocrx_word' id='word_1_293' title='bbox 2557 2946 2562 2949; x_wconf 83' lang='lat'><em>&#39;</em></span> 
     </span>
     <span class='ocr_line' id='line_1_37' title="bbox 423 2991 2543 3064; baseline 0 -12"><span class='ocrx_word' id='word_1_294' title='bbox 423 3010 598 3053; x_wconf 80' lang='lat' dir='ltr'><strong>Modiam</strong></span> <span class='ocrx_word' id='word_1_295' title='bbox 626 3015 760 3053; x_wconf 84' lang='lat' dir='ltr'><strong>autem</strong></span> <span class='ocrx_word' id='word_1_296' title='bbox 790 3010 1122 3064; x_wconf 84' lang='lat' dir='ltr'><strong>significationem</strong></span> <span class='ocrx_word' id='word_1_297' title='bbox 1150 3022 1193 3052; x_wconf 89' lang='lat' dir='ltr'><strong>re</strong></span> <span class='ocrx_word' id='word_1_298' title='bbox 1220 3017 1318 3052; x_wconf 81' lang='lat' dir='ltr'><strong>vera</strong></span> <span class='ocrx_word' id='word_1_299' title='bbox 1345 3010 1469 3052; x_wconf 86' lang='lat' dir='ltr'><strong>forma</strong></span> <span class='ocrx_word' id='word_1_300' title='bbox 1496 3011 1659 3063; x_wconf 86' lang='lat' dir='ltr'><strong>passiva</strong></span> <span class='ocrx_word' id='word_1_301' title='bbox 1686 3009 1884 3051; x_wconf 85' lang='lat' dir='ltr'><strong>redditam</strong></span> <span class='ocrx_word' id='word_1_302' title='bbox 1918 3021 2027 3061; x_wconf 86' lang='lat' dir='ltr'><strong>esse,</strong></span> <span class='ocrx_word' id='word_1_303' title='bbox 2057 3022 2109 3051; x_wconf 83' lang='lat' dir='ltr'><strong>ex</strong></span> <span class='ocrx_word' id='word_1_304' title='bbox 2137 3003 2272 3051; x_wconf 81' lang='lat' dir='ltr'><strong>verbis</strong></span> <span class='ocrx_word' id='word_1_305' title='bbox 2298 2991 2543 3062; x_wconf 63' lang='lat' dir='ltr'><strong>vehendi..</strong></span> 
     </span>
     <span class='ocr_line' id='line_1_38' title="bbox 232 3078 2555 3136; baseline 0 -17"><span class='ocrx_word' id='word_1_306' title='bbox 232 3078 444 3131; x_wconf 78' lang='lat' dir='ltr'><strong>ferendi,</strong></span> <span class='ocrx_word' id='word_1_307' title='bbox 472 3080 710 3132; x_wconf 85' lang='lat' dir='ltr'><strong>movendi,</strong></span> <span class='ocrx_word' id='word_1_308' title='bbox 740 3080 834 3123; x_wconf 88' lang='lat' dir='ltr'><strong>aliis</strong></span> <span class='ocrx_word' id='word_1_309' title='bbox 861 3093 941 3122; x_wconf 90' lang='lat' dir='ltr'><strong>non</strong></span> <span class='ocrx_word' id='word_1_310' title='bbox 970 3079 1135 3121; x_wconf 81' lang='lat' dir='ltr'><strong>difficile</strong></span> <span class='ocrx_word' id='word_1_311' title='bbox 1162 3080 1407 3134; x_wconf 83' lang='lat' dir='ltr'><strong>intelligitur.</strong></span> <span class='ocrx_word' id='word_1_312' title='bbox 2493 3088 2555 3136; x_wconf 60' lang='lat'><strong>‘.</strong></span> 
     </span>
     <span class='ocr_line' id='line_1_39' title="bbox 423 3137 2540 3204; baseline 0.001 -11.757"><span class='ocrx_word' id='word_1_313' title='bbox 423 3148 542 3199; x_wconf 81' lang='lat' dir='ltr'><strong>Quod</strong></span> <span class='ocrx_word' id='word_1_314' title='bbox 567 3162 664 3191; x_wconf 85' lang='lat' dir='ltr'><strong>vero</strong></span> <span class='ocrx_word' id='word_1_315' title='bbox 693 3149 747 3191; x_wconf 88' lang='lat' dir='ltr'><strong>ad</strong></span> <span class='ocrx_word' id='word_1_316' title='bbox 773 3150 939 3192; x_wconf 85' lang='lat' dir='ltr'><strong>formam</strong></span> <span class='ocrx_word' id='word_1_317' title='bbox 972 3149 1145 3191; x_wconf 81' lang='lat' dir='ltr'><strong>mediam</strong></span> <span class='ocrx_word' id='word_1_318' title='bbox 1178 3149 1338 3201; x_wconf 83' lang='lat' dir='ltr'><strong>attinet,</strong></span> <span class='ocrx_word' id='word_1_319' title='bbox 1369 3150 1433 3190; x_wconf 87' lang='lat' dir='ltr'><strong>vel</strong></span> <span class='ocrx_word' id='word_1_320' title='bbox 1466 3162 1515 3191; x_wconf 88' lang='lat' dir='ltr'><strong>ex</strong></span> <span class='ocrx_word' id='word_1_321' title='bbox 1548 3149 1685 3202; x_wconf 89' lang='lat' dir='ltr'><strong>lingua</strong></span> <span class='ocrx_word' id='word_1_322' title='bbox 1711 3137 1919 3191; x_wconf 79' lang='lat' dir='ltr'><strong>sanscrita</strong></span> <span class='ocrx_word' id='word_1_323' title='bbox 1952 3147 2227 3201; x_wconf 86' lang='lat' dir='ltr'><strong>intelligimus,</strong></span> <span class='ocrx_word' id='word_1_324' title='bbox 2253 3147 2481 3204; x_wconf 54' lang='lat' dir='ltr'><strong>passim</strong></span> <span class='ocrx_word' id='word_1_325' title='bbox 2489 3151 2540 3194; x_wconf 68' lang='lat' dir='ltr'><strong>{t</strong></span> 
     </span>
     <span class='ocr_line' id='line_1_40' title="bbox 204 3210 2591 3306; baseline -0 -42"><span class='ocrx_word' id='word_1_326' title='bbox 204 3210 405 3292; x_wconf 59' lang='lat' dir='ltr'><strong>ssmcdiam</strong></span> <span class='ocrx_word' id='word_1_327' title='bbox 432 3218 580 3261; x_wconf 83' lang='lat' dir='ltr'><strong>formas</strong></span> <span class='ocrx_word' id='word_1_328' title='bbox 608 3219 807 3261; x_wconf 84' lang='lat' dir='ltr'><strong>similibus</strong></span> <span class='ocrx_word' id='word_1_329' title='bbox 836 3210 1074 3271; x_wconf 85' lang='lat' dir='ltr'><strong>quibusdam</strong></span> <span class='ocrx_word' id='word_1_330' title='bbox 1102 3220 1254 3261; x_wconf 88' lang='lat' dir='ltr'><strong>voculis</strong></span> <span class='ocrx_word' id='word_1_331' title='bbox 1269 3219 1421 3261; x_wconf 82' lang='lat' dir='ltr'><strong>suffixis</strong></span> <span class='ocrx_word' id='word_1_332' title='bbox 1435 3219 1658 3272; x_wconf 89' lang='lat' dir='ltr'><strong>disjunctas</strong></span> <span class='ocrx_word' id='word_1_333' title='bbox 1686 3220 1861 3271; x_wconf 90' lang='lat' dir='ltr'><strong>quidem,</strong></span> <span class='ocrx_word' id='word_1_334' title='bbox 1881 3223 2070 3260; x_wconf 87' lang='lat' dir='ltr'><strong>attamem</strong></span> <span class='ocrx_word' id='word_1_335' title='bbox 2091 3214 2406 3286; x_wconf 59' lang='lat' dir='ltr'><strong>quoda-‘nodo</strong></span> <span class='ocrx_word' id='word_1_336' title='bbox 2406 3212 2591 3306; x_wconf 48' lang='grc' dir='ltr'><strong><em>ψ</em></strong></span> 
     </span>
    </p>
   </div>
   <div class='ocr_carea' id='block_1_7' title="bbox 0 2734 719 3591">
    <p class='ocr_par' dir='ltr' id='par_1_7' title="bbox 0 2734 719 3591">
     <span class='ocr_line' id='line_1_41' title="bbox 0 2734 187 2952; baseline 0 -141"><span class='ocrx_word' id='word_1_337' title='bbox 0 2734 187 2952; x_wconf 95' lang='lat' dir='ltr'><strong>   </strong></span> 
     </span>
     <span class='ocr_line' id='line_1_42' title="bbox 0 2952 191 3022; baseline 0 569"><span class='ocrx_word' id='word_1_338' title='bbox 0 2952 191 3022; x_wconf 95' lang='lat' dir='ltr'><strong> </strong></span> 
     </span>
     <span class='ocr_line' id='line_1_43' title="bbox 0 3022 198 3185; baseline 0 -23"><span class='ocrx_word' id='word_1_339' title='bbox 0 3022 198 3185; x_wconf 95' lang='lat' dir='ltr'><strong>   </strong></span> 
     </span>
     <span class='ocr_line' id='line_1_44' title="bbox 0 3185 719 3591; baseline 0 -289"><span class='ocrx_word' id='word_1_340' title='bbox 0 3185 719 3591; x_wconf 95' lang='lat' dir='ltr'><strong>   </strong></span> 
     </span>
    </p>
   </div>
  </div>
 </body>
</html>
