<?xml version="1.0" encoding="UTF-8"?>
<!DOCTYPE html PUBLIC "-//W3C//DTD XHTML 1.0 Transitional//EN"
    "http://www.w3.org/TR/xhtml1/DTD/xhtml1-transitional.dtd">
<html xmlns="http://www.w3.org/1999/xhtml" xml:lang="en" lang="en">
 <head>
  <title>
</title>
<meta http-equiv="Content-Type" content="text/html;charset=utf-8" />
  <meta name='ocr-system' content='tesseract 3.04.00' />
  <meta name='ocr-capabilities' content='ocr_page ocr_carea ocr_par ocr_line ocrx_word'/>
</head>
<body>
  <div class='ocr_page' id='page_1' title='image "./4777366_0017.png"; bbox 0 0 2833 3575; ppageno 0'>
   <div class='ocr_carea' id='block_1_1' title="bbox 78 765 2662 941">
    <p class='ocr_par' dir='ltr' id='par_1_1' title="bbox 62 765 2662 941">
     <span class='ocr_line' id='line_1_1' title="bbox 144 765 2662 879; baseline -0.002 -17.158"><span class='ocrx_word' id='word_1_1' title='bbox 144 799 155 821; x_wconf 59' lang='lat'><em>⁴</em></span> <span class='ocrx_word' id='word_1_2' title='bbox 211 816 407 879; x_wconf 66' lang='lat' dir='ltr'><strong>placet,</strong></span> <span class='ocrx_word' id='word_1_3' title='bbox 403 765 519 861; x_wconf 92' lang='grc' dir='ltr'><strong>δέω</strong></span> <span class='ocrx_word' id='word_1_4' title='bbox 545 831 626 861; x_wconf 77' lang='lat' dir='ltr'><strong>vox</strong></span> <span class='ocrx_word' id='word_1_5' title='bbox 653 820 770 860; x_wconf 76' lang='lat' dir='ltr'><strong>etiam</strong></span> <span class='ocrx_word' id='word_1_6' title='bbox 800 832 922 861; x_wconf 86' lang='lat' dir='ltr'><strong>sensu</strong></span> <span class='ocrx_word' id='word_1_7' title='bbox 947 820 1082 861; x_wconf 87' lang='lat' dir='ltr'><strong>medio</strong></span> <span class='ocrx_word' id='word_1_8' title='bbox 1109 819 1243 872; x_wconf 78' lang='lat' dir='ltr'>accipi</span> <span class='ocrx_word' id='word_1_9' title='bbox 1270 821 1429 872; x_wconf 89' lang='lat' dir='ltr'><strong>potest).</strong></span> <span class='ocrx_word' id='word_1_10' title='bbox 2659 867 2662 869; x_wconf 35' lang='grc'><strong>,</strong></span> 
     </span>
     <span class='ocr_line' id='line_1_2' title="bbox 78 863 2560 941; baseline 0 -9"><span class='ocrx_word' id='word_1_11' title='bbox 78 905 86 914; x_wconf 74' lang='grc'><strong>’</strong></span> <span class='ocrx_word' id='word_1_12' title='bbox 180 885 182 888; x_wconf 71' lang='grc'><strong>’</strong></span> <span class='ocrx_word' id='word_1_13' title='bbox 227 891 231 894; x_wconf 74' lang='grc'><strong>’</strong></span> <span class='ocrx_word' id='word_1_14' title='bbox 434 887 527 931; x_wconf 81' lang='lat' dir='ltr'><strong>Jam</strong></span> <span class='ocrx_word' id='word_1_15' title='bbox 553 900 649 930; x_wconf 81' lang='lat' dir='ltr'><strong>vero</strong></span> <span class='ocrx_word' id='word_1_16' title='bbox 677 901 729 931; x_wconf 87' lang='lat' dir='ltr'><strong>ex</strong></span> <span class='ocrx_word' id='word_1_17' title='bbox 755 889 819 931; x_wconf 89' lang='lat' dir='ltr'><strong>his</strong></span> <span class='ocrx_word' id='word_1_18' title='bbox 838 900 942 941; x_wconf 84' lang='lat' dir='ltr'><strong>quae</strong></span> <span class='ocrx_word' id='word_1_19' title='bbox 970 888 1056 929; x_wconf 81' lang='lat' dir='ltr'><strong>dixi</strong></span> <span class='ocrx_word' id='word_1_20' title='bbox 1082 888 1324 929; x_wconf 87' lang='lat' dir='ltr'><strong>intellectum</strong></span> <span class='ocrx_word' id='word_1_21' title='bbox 1352 900 1443 930; x_wconf 87' lang='lat' dir='ltr'><strong>esse</strong></span> <span class='ocrx_word' id='word_1_22' title='bbox 1472 886 1796 939; x_wconf 85' lang='lat' dir='ltr'><strong>existimaverim,</strong></span> <span class='ocrx_word' id='word_1_23' title='bbox 1824 899 1875 929; x_wconf 87' lang='lat' dir='ltr'><strong>ea</strong></span> <span class='ocrx_word' id='word_1_24' title='bbox 1901 890 2053 928; x_wconf 89' lang='lat' dir='ltr'><strong>tantum</strong></span> <span class='ocrx_word' id='word_1_25' title='bbox 2072 887 2198 928; x_wconf 80' lang='lat' dir='ltr'><strong>verba</strong></span> <span class='ocrx_word' id='word_1_26' title='bbox 2220 886 2382 929; x_wconf 88' lang='lat' dir='ltr'><strong>notione</strong></span> <span class='ocrx_word' id='word_1_27' title='bbox 2408 863 2560 938; x_wconf 69' lang='lat' dir='ltr'><strong>media</strong></span> 
     </span>
    </p>
   </div>
   <div class='ocr_carea' id='block_1_2' title="bbox 2478 724 2541 760">
    <p class='ocr_par' dir='ltr' id='par_1_2' title="bbox 2478 724 2541 760">
     <span class='ocr_line' id='line_1_3' title="bbox 2478 724 2541 760; baseline 0 -14"><span class='ocrx_word' id='word_1_28' title='bbox 2478 724 2541 760; x_wconf 42' lang='grc' dir='ltr'><strong>ἔρῃ</strong></span> 
     </span>
    </p>
   </div>
   <div class='ocr_carea' id='block_1_3' title="bbox 0 0 2833 908">
    <p class='ocr_par' dir='ltr' id='par_1_3' title="bbox 0 0 2833 908">
     <span class='ocr_line' id='line_1_4' title="bbox 0 0 2833 908; baseline 0 0"><span class='ocrx_word' id='word_1_29' title='bbox 0 0 2833 908; x_wconf 95' lang='lat' dir='ltr'><strong> </strong></span> 
     </span>
    </p>
   </div>
   <div class='ocr_carea' id='block_1_4' title="bbox 230 911 324 949">
    <p class='ocr_par' dir='ltr' id='par_1_4' title="bbox 230 911 324 949">
     <span class='ocr_line' id='line_1_5' title="bbox 230 911 324 949; baseline 0 0"><span class='ocrx_word' id='word_1_30' title='bbox 230 911 235 915; x_wconf 54' lang='grc'><em>”</em></span> <span class='ocrx_word' id='word_1_31' title='bbox 280 929 324 949; x_wconf 91' lang='grc'><strong>4-</strong></span> 
     </span>
    </p>
   </div>
   <div class='ocr_carea' id='block_1_5' title="bbox 5 928 2617 1088">
    <p class='ocr_par' dir='ltr' id='par_1_5' title="bbox 5 928 2617 1088">
     <span class='ocr_line' id='line_1_6' title="bbox 5 928 2544 1021; baseline 0.019 -69"><span class='ocrx_word' id='word_1_32' title='bbox 5 928 83 1007; x_wconf 29' lang='grc' dir='ltr'><strong>ως.</strong></span> <span class='ocrx_word' id='word_1_33' title='bbox 112 970 132 979; x_wconf 20' lang='lat' dir='ltr'><strong>q,</strong></span> <span class='ocrx_word' id='word_1_34' title='bbox 231 943 325 1021; x_wconf 38' lang='grc' dir='ltr'><strong>-ΨΒ,</strong></span> <span class='ocrx_word' id='word_1_35' title='bbox 342 969 447 1010; x_wconf 68' lang='lat' dir='ltr'><strong>qm</strong></span> <span class='ocrx_word' id='word_1_36' title='bbox 475 957 565 998; x_wconf 58' lang='lat' dir='ltr'><strong>hm„</strong></span> <span class='ocrx_word' id='word_1_37' title='bbox 592 959 659 999; x_wconf 66' lang='lat' dir='ltr'><strong>vel</strong></span> <span class='ocrx_word' id='word_1_38' title='bbox 685 958 745 999; x_wconf 68' lang='lat'><em>1111</em></span> <span class='ocrx_word' id='word_1_39' title='bbox 779 970 915 1000; x_wconf 63' lang='lat' dir='ltr'><strong>eorum</strong></span> <span class='ocrx_word' id='word_1_40' title='bbox 948 971 1050 1012; x_wconf 87' lang='lat' dir='ltr'><strong>quos</strong></span> <span class='ocrx_word' id='word_1_41' title='bbox 1083 958 1293 999; x_wconf 73' lang='lat' dir='ltr'><strong>statuimus</strong></span> <span class='ocrx_word' id='word_1_42' title='bbox 1325 957 1508 998; x_wconf 89' lang='lat' dir='ltr'>ordinum</span> <span class='ocrx_word' id='word_1_43' title='bbox 1539 957 1668 1010; x_wconf 87' lang='lat' dir='ltr'><strong>ingeri</strong></span> <span class='ocrx_word' id='word_1_44' title='bbox 1701 957 1866 1010; x_wconf 80' lang='lat' dir='ltr'><strong>possint.</strong></span> <span class='ocrx_word' id='word_1_45' title='bbox 1923 958 1982 997; x_wconf 88' lang='lat' dir='ltr'><strong>Ac</strong></span> <span class='ocrx_word' id='word_1_46' title='bbox 2015 957 2051 997; x_wconf 87' lang='lat' dir='ltr'><strong>si</strong></span> <span class='ocrx_word' id='word_1_47' title='bbox 2078 957 2392 1010; x_wconf 79' lang='lat' dir='ltr'><strong>intellexerimus</strong></span> <span class='ocrx_word' id='word_1_48' title='bbox 2419 958 2544 1013; x_wconf 89' lang='lat' dir='ltr'><strong>depo—</strong></span> 
     </span>
     <span class='ocr_line' id='line_1_7' title="bbox 92 1016 2617 1088; baseline 0.002 -21.903"><span class='ocrx_word' id='word_1_49' title='bbox 92 1079 99 1088; x_wconf 69' lang='lat'><strong>.</strong></span> <span class='ocrx_word' id='word_1_50' title='bbox 161 1027 163 1029; x_wconf 79' lang='grc'><strong>’</strong></span> <span class='ocrx_word' id='word_1_51' title='bbox 228 1027 380 1079; x_wconf 60' lang='lat' dir='ltr'><strong>‘nentia</strong></span> <span class='ocrx_word' id='word_1_52' title='bbox 404 1016 549 1068; x_wconf 77' lang='lat' dir='ltr'><strong>Latina</strong></span> <span class='ocrx_word' id='word_1_53' title='bbox 574 1027 639 1068; x_wconf 89' lang='lat' dir='ltr'><strong>his</strong></span> <span class='ocrx_word' id='word_1_54' title='bbox 667 1027 873 1068; x_wconf 87' lang='lat' dir='ltr'><strong>ordinibus</strong></span> <span class='ocrx_word' id='word_1_55' title='bbox 902 1027 1031 1080; x_wconf 83' lang='lat' dir='ltr'><strong>ingeri</strong></span> <span class='ocrx_word' id='word_1_56' title='bbox 1059 1040 1194 1080; x_wconf 90' lang='lat' dir='ltr'><strong>posse,</strong></span> <span class='ocrx_word' id='word_1_57' title='bbox 1223 1041 1302 1068; x_wconf 92' lang='lat' dir='ltr'><strong>non</strong></span> <span class='ocrx_word' id='word_1_58' title='bbox 1330 1027 1502 1080; x_wconf 88' lang='lat' dir='ltr'><strong>amplius</strong></span> <span class='ocrx_word' id='word_1_59' title='bbox 1526 1029 1612 1079; x_wconf 89' lang='lat' dir='ltr'><strong>jam</strong></span> <span class='ocrx_word' id='word_1_60' title='bbox 1640 1026 1922 1078; x_wconf 83' lang='lat' dir='ltr'><strong>dubitabimus,</strong></span> <span class='ocrx_word' id='word_1_61' title='bbox 1952 1039 2002 1068; x_wconf 87' lang='lat' dir='ltr'><strong>ea</strong></span> <span class='ocrx_word' id='word_1_62' title='bbox 2027 1026 2069 1066; x_wconf 91' lang='lat' dir='ltr'><strong>in</strong></span> <span class='ocrx_word' id='word_1_63' title='bbox 2093 1026 2315 1070; x_wconf 85' lang='lat' dir='ltr'><strong>mediorum</strong></span> <span class='ocrx_word' id='word_1_64' title='bbox 2332 1023 2549 1069; x_wconf 77' lang='lat' dir='ltr'><strong>verborum</strong></span> <span class='ocrx_word' id='word_1_65' title='bbox 2615 1053 2617 1055; x_wconf 88' lang='lat'><em>-</em></span> 
     </span>
    </p>
   </div>
   <div class='ocr_carea' id='block_1_6' title="bbox 181 1098 2575 3083">
    <p class='ocr_par' dir='ltr' id='par_1_6' title="bbox 227 1098 679 1141">
     <span class='ocr_line' id='line_1_8' title="bbox 227 1098 679 1141; baseline -0.004 -4"><span class='ocrx_word' id='word_1_66' title='bbox 227 1098 451 1141; x_wconf 69' lang='lat' dir='ltr'><strong>[numerum</strong></span> <span class='ocrx_word' id='word_1_67' title='bbox 464 1108 679 1136; x_wconf 72' lang='lat' dir='ltr'><strong>revocare.</strong></span> 
     </span>
    </p>

    <p class='ocr_par' dir='ltr' id='par_1_7' title="bbox 432 1165 2543 1223">
     <span class='ocr_line' id='line_1_9' title="bbox 432 1165 2543 1223; baseline 0.001 -18"><span class='ocrx_word' id='word_1_68' title='bbox 432 1165 518 1205; x_wconf 79' lang='lat' dir='ltr'><strong>Eae</strong></span> <span class='ocrx_word' id='word_1_69' title='bbox 545 1177 668 1206; x_wconf 88' lang='lat' dir='ltr'><strong>voces</strong></span> <span class='ocrx_word' id='word_1_70' title='bbox 696 1170 842 1216; x_wconf 88' lang='lat' dir='ltr'><strong>autem,</strong></span> <span class='ocrx_word' id='word_1_71' title='bbox 873 1179 973 1216; x_wconf 88' lang='lat' dir='ltr'><strong>quas</strong></span> <span class='ocrx_word' id='word_1_72' title='bbox 1001 1165 1287 1207; x_wconf 87' lang='lat' dir='ltr'><strong>Gabelentzins</strong></span> <span class='ocrx_word' id='word_1_73' title='bbox 1315 1165 1471 1206; x_wconf 89' lang='lat' dir='ltr'><strong>medias</strong></span> <span class='ocrx_word' id='word_1_74' title='bbox 1500 1179 1590 1207; x_wconf 88' lang='lat' dir='ltr'><strong>esse</strong></span> <span class='ocrx_word' id='word_1_75' title='bbox 1625 1165 1798 1218; x_wconf 83' lang='lat' dir='ltr'><strong>putavit:</strong></span> <span class='ocrx_word' id='word_1_76' title='bbox 1841 1165 1906 1206; x_wconf 91' lang='lat' dir='ltr'><strong>ich</strong></span> <span class='ocrx_word' id='word_1_77' title='bbox 1947 1165 2108 1218; x_wconf 84' lang='lat' dir='ltr'><strong>schlage</strong></span> <span class='ocrx_word' id='word_1_78' title='bbox 2147 1166 2270 1217; x_wconf 82' lang='lat' dir='ltr'><strong>mich,</strong></span> <span class='ocrx_word' id='word_1_79' title='bbox 2305 1165 2371 1206; x_wconf 91' lang='lat' dir='ltr'><strong>ich</strong></span> <span class='ocrx_word' id='word_1_80' title='bbox 2411 1178 2543 1223; x_wconf 83' lang='lat' dir='ltr'><strong>nenne</strong></span> 
     </span>
    </p>

    <p class='ocr_par' dir='ltr' id='par_1_8' title="bbox 240 1232 2541 1427">
     <span class='ocr_line' id='line_1_10' title="bbox 240 1232 2541 1287; baseline 0.001 -13"><span class='ocrx_word' id='word_1_81' title='bbox 240 1232 358 1284; x_wconf 80' lang='lat' dir='ltr'><strong>mieh,</strong></span> <span class='ocrx_word' id='word_1_82' title='bbox 387 1234 440 1275; x_wconf 90' lang='lat' dir='ltr'><strong>ob</strong></span> <span class='ocrx_word' id='word_1_83' title='bbox 467 1246 557 1275; x_wconf 84' lang='lat' dir='ltr'><strong>eam</strong></span> <span class='ocrx_word' id='word_1_84' title='bbox 584 1246 669 1274; x_wconf 91' lang='lat' dir='ltr'><strong>rem</strong></span> <span class='ocrx_word' id='word_1_85' title='bbox 696 1247 777 1275; x_wconf 92' lang='lat' dir='ltr'><strong>non</strong></span> <span class='ocrx_word' id='word_1_86' title='bbox 804 1239 896 1275; x_wconf 90' lang='lat' dir='ltr'><strong>sunt</strong></span> <span class='ocrx_word' id='word_1_87' title='bbox 923 1234 1096 1285; x_wconf 88' lang='lat' dir='ltr'><strong>mediae,</strong></span> <span class='ocrx_word' id='word_1_88' title='bbox 1126 1234 1234 1285; x_wconf 88' lang='lat' dir='ltr'><strong>quod</strong></span> <span class='ocrx_word' id='word_1_89' title='bbox 1254 1235 1313 1275; x_wconf 91' lang='lat' dir='ltr'><strong>eis</strong></span> <span class='ocrx_word' id='word_1_90' title='bbox 1332 1235 1390 1275; x_wconf 93' lang='lat' dir='ltr'><strong>nil</strong></span> <span class='ocrx_word' id='word_1_91' title='bbox 1409 1235 1514 1275; x_wconf 86' lang='lat' dir='ltr'><strong>inest</strong></span> <span class='ocrx_word' id='word_1_92' title='bbox 1533 1237 1621 1286; x_wconf 89' lang='lat' dir='ltr'><strong>ejus</strong></span> <span class='ocrx_word' id='word_1_93' title='bbox 1640 1233 1825 1284; x_wconf 90' lang='lat' dir='ltr'><strong>notionis,</strong></span> <span class='ocrx_word' id='word_1_94' title='bbox 1845 1247 1964 1285; x_wconf 83' lang='lat' dir='ltr'><strong>quam</strong></span> <span class='ocrx_word' id='word_1_95' title='bbox 1985 1234 2047 1275; x_wconf 85' lang='lat' dir='ltr'><strong>vis</strong></span> <span class='ocrx_word' id='word_1_96' title='bbox 2062 1234 2196 1275; x_wconf 85' lang='lat' dir='ltr'><strong>media</strong></span> <span class='ocrx_word' id='word_1_97' title='bbox 2210 1234 2289 1276; x_wconf 86' lang='lat' dir='ltr'><strong>sibi</strong></span> <span class='ocrx_word' id='word_1_98' title='bbox 2304 1234 2541 1287; x_wconf 75' lang='lat' dir='ltr'><strong>expostulat.</strong></span> 
     </span>
     <span class='ocr_line' id='line_1_11' title="bbox 263 1301 2541 1357; baseline 0.001 -15"><span class='ocrx_word' id='word_1_99' title='bbox 263 1309 269 1312; x_wconf 63' lang='grc'><em>“</em></span> <span class='ocrx_word' id='word_1_100' title='bbox 431 1301 580 1345; x_wconf 87' lang='lat' dir='ltr'><strong>Verum</strong></span> <span class='ocrx_word' id='word_1_101' title='bbox 608 1305 677 1356; x_wconf 81' lang='lat' dir='ltr'><strong>qui</strong></span> <span class='ocrx_word' id='word_1_102' title='bbox 703 1302 790 1343; x_wconf 86' lang='lat' dir='ltr'><strong>fieri</strong></span> <span class='ocrx_word' id='word_1_103' title='bbox 817 1302 1003 1355; x_wconf 84' lang='lat' dir='ltr'><strong>potuerit,</strong></span> <span class='ocrx_word' id='word_1_104' title='bbox 1032 1308 1076 1343; x_wconf 91' lang='lat' dir='ltr'><strong>ut</strong></span> <span class='ocrx_word' id='word_1_105' title='bbox 1105 1303 1388 1344; x_wconf 83' lang='lat' dir='ltr'><strong>Gabelentzius</strong></span> <span class='ocrx_word' id='word_1_106' title='bbox 1408 1316 1548 1357; x_wconf 83' lang='lat' dir='ltr'>pamm</span> <span class='ocrx_word' id='word_1_107' title='bbox 1567 1307 1674 1344; x_wconf 91' lang='lat' dir='ltr'><strong>recte</strong></span> <span class='ocrx_word' id='word_1_108' title='bbox 1693 1303 1861 1344; x_wconf 85' lang='lat' dir='ltr'><strong>fortasse</strong></span> <span class='ocrx_word' id='word_1_109' title='bbox 1888 1302 1940 1343; x_wconf 91' lang='lat' dir='ltr'><strong>de</strong></span> <span class='ocrx_word' id='word_1_110' title='bbox 1968 1303 2030 1344; x_wconf 88' lang='lat' dir='ltr'><strong>his</strong></span> <span class='ocrx_word' id='word_1_111' title='bbox 2049 1304 2168 1345; x_wconf 88' lang='lat' dir='ltr'><strong>rebus</strong></span> <span class='ocrx_word' id='word_1_112' title='bbox 2187 1304 2368 1355; x_wconf 79' lang='lat' dir='ltr'><strong>senserit,</strong></span> <span class='ocrx_word' id='word_1_113' title='bbox 2401 1316 2452 1345; x_wconf 90' lang='lat' dir='ltr'><strong>ex</strong></span> <span class='ocrx_word' id='word_1_114' title='bbox 2467 1304 2541 1356; x_wconf 90' lang='lat' dir='ltr'><strong>eis,</strong></span> 
     </span>
     <span class='ocr_line' id='line_1_12' title="bbox 240 1371 1309 1427; baseline -0.003 -13"><span class='ocrx_word' id='word_1_115' title='bbox 240 1383 347 1427; x_wconf 73' lang='lat' dir='ltr'><strong>quae</strong></span> <span class='ocrx_word' id='word_1_116' title='bbox 376 1371 603 1425; x_wconf 81' lang='lat' dir='ltr'><strong>prolaturus</strong></span> <span class='ocrx_word' id='word_1_117' title='bbox 630 1384 731 1422; x_wconf 91' lang='lat' dir='ltr'><strong>sum,</strong></span> <span class='ocrx_word' id='word_1_118' title='bbox 759 1372 917 1424; x_wconf 87' lang='lat' dir='ltr'><strong>poterit,</strong></span> <span class='ocrx_word' id='word_1_119' title='bbox 947 1373 1101 1425; x_wconf 86' lang='lat' dir='ltr'><strong>opinor,</strong></span> <span class='ocrx_word' id='word_1_120' title='bbox 1130 1372 1309 1423; x_wconf 79' lang='lat' dir='ltr'><strong>intelligi.</strong></span> 
     </span>
    </p>

    <p class='ocr_par' dir='ltr' id='par_1_9' title="bbox 188 1440 2546 1907">
     <span class='ocr_line' id='line_1_13' title="bbox 432 1440 2546 1494; baseline 0.001 -13"><span class='ocrx_word' id='word_1_121' title='bbox 432 1440 539 1481; x_wconf 78' lang='lat' dir='ltr'><strong>Nam</strong></span> <span class='ocrx_word' id='word_1_122' title='bbox 567 1441 711 1481; x_wconf 88' lang='lat' dir='ltr'><strong>utimur</strong></span> <span class='ocrx_word' id='word_1_123' title='bbox 739 1441 861 1481; x_wconf 89' lang='lat' dir='ltr'><strong>etiam</strong></span> <span class='ocrx_word' id='word_1_124' title='bbox 888 1455 961 1483; x_wconf 91' lang='lat' dir='ltr'><strong>nos</strong></span> <span class='ocrx_word' id='word_1_125' title='bbox 977 1454 1124 1494; x_wconf 86' lang='lat' dir='ltr'><strong>genere</strong></span> <span class='ocrx_word' id='word_1_126' title='bbox 1139 1440 1273 1481; x_wconf 91' lang='lat' dir='ltr'><strong>medio</strong></span> <span class='ocrx_word' id='word_1_127' title='bbox 1288 1454 1417 1491; x_wconf 90' lang='lat' dir='ltr'><strong>aeque</strong></span> <span class='ocrx_word' id='word_1_128' title='bbox 1431 1446 1551 1492; x_wconf 91' lang='lat' dir='ltr'><strong>atque</strong></span> <span class='ocrx_word' id='word_1_129' title='bbox 1571 1454 1644 1481; x_wconf 86' lang='lat' dir='ltr'><strong>eae</strong></span> <span class='ocrx_word' id='word_1_130' title='bbox 1658 1442 1842 1482; x_wconf 88' lang='lat' dir='ltr'><strong>nationes</strong></span> <span class='ocrx_word' id='word_1_131' title='bbox 1857 1454 2008 1493; x_wconf 88' lang='lat' dir='ltr'><strong>omnes,</strong></span> <span class='ocrx_word' id='word_1_132' title='bbox 2024 1454 2128 1492; x_wconf 87' lang='lat' dir='ltr'><strong>quae</strong></span> <span class='ocrx_word' id='word_1_133' title='bbox 2140 1441 2326 1482; x_wconf 88' lang='lat' dir='ltr'><strong>Ariorum</strong></span> <span class='ocrx_word' id='word_1_134' title='bbox 2340 1455 2391 1483; x_wconf 86' lang='lat' dir='ltr'><strong>ex</strong></span> <span class='ocrx_word' id='word_1_135' title='bbox 2405 1441 2546 1494; x_wconf 83' lang='lat' dir='ltr'><strong>lingua</strong></span> 
     </span>
     <span class='ocr_line' id='line_1_14' title="bbox 241 1509 2541 1563; baseline 0.001 -12"><span class='ocrx_word' id='word_1_136' title='bbox 241 1515 282 1557; x_wconf 82' lang='lat' dir='ltr'><strong>et</strong></span> <span class='ocrx_word' id='word_1_137' title='bbox 321 1509 486 1563; x_wconf 78' lang='lat' dir='ltr'><strong>ingenio</strong></span> <span class='ocrx_word' id='word_1_138' title='bbox 527 1510 717 1560; x_wconf 90' lang='lat' dir='ltr'><strong>loquendi</strong></span> <span class='ocrx_word' id='word_1_139' title='bbox 744 1523 800 1551; x_wconf 84' lang='lat' dir='ltr'><strong>ac·</strong></span> <span class='ocrx_word' id='word_1_140' title='bbox 836 1511 1041 1563; x_wconf 83' lang='lat' dir='ltr'><strong>cogitandi</strong></span> <span class='ocrx_word' id='word_1_141' title='bbox 1081 1522 1232 1550; x_wconf 91' lang='lat' dir='ltr'><strong>morem</strong></span> <span class='ocrx_word' id='word_1_142' title='bbox 1273 1509 1539 1550; x_wconf 85' lang='lat' dir='ltr'><strong>moderantur.</strong></span> <span class='ocrx_word' id='word_1_143' title='bbox 1595 1510 1744 1550; x_wconf 88' lang='lat' dir='ltr'><strong>Verum</strong></span> <span class='ocrx_word' id='word_1_144' title='bbox 1771 1524 1851 1551; x_wconf 91' lang='lat' dir='ltr'><strong>non</strong></span> <span class='ocrx_word' id='word_1_145' title='bbox 1879 1523 2037 1562; x_wconf 87' lang='lat' dir='ltr'><strong>semper</strong></span> <span class='ocrx_word' id='word_1_146' title='bbox 2070 1510 2211 1561; x_wconf 89' lang='lat' dir='ltr'><strong>verba,</strong></span> <span class='ocrx_word' id='word_1_147' title='bbox 2247 1524 2351 1561; x_wconf 89' lang='lat' dir='ltr'><strong>quae</strong></span> <span class='ocrx_word' id='word_1_148' title='bbox 2378 1512 2541 1554; x_wconf 91' lang='lat' dir='ltr'><strong>notione</strong></span> 
     </span>
     <span class='ocr_line' id='line_1_15' title="bbox 239 1577 2545 1632; baseline 0.001 -12"><span class='ocrx_word' id='word_1_149' title='bbox 239 1577 374 1621; x_wconf 84' lang='lat' dir='ltr'><strong>media</strong></span> <span class='ocrx_word' id='word_1_150' title='bbox 398 1583 578 1629; x_wconf 89' lang='lat' dir='ltr'><strong>utuntur,</strong></span> <span class='ocrx_word' id='word_1_151' title='bbox 609 1590 659 1619; x_wconf 89' lang='lat' dir='ltr'><strong>ea</strong></span> <span class='ocrx_word' id='word_1_152' title='bbox 686 1578 812 1620; x_wconf 87' lang='lat' dir='ltr'><strong>forma</strong></span> <span class='ocrx_word' id='word_1_153' title='bbox 839 1579 1084 1632; x_wconf 83' lang='lat' dir='ltr'><strong>effingimus,</strong></span> <span class='ocrx_word' id='word_1_154' title='bbox 1121 1592 1143 1620; x_wconf 94' lang='lat' dir='ltr'><strong>e</strong></span> <span class='ocrx_word' id='word_1_155' title='bbox 1178 1592 1258 1629; x_wconf 89' lang='lat' dir='ltr'><strong>qua</strong></span> <span class='ocrx_word' id='word_1_156' title='bbox 1290 1578 1396 1620; x_wconf 90' lang='lat' dir='ltr'><strong>notio</strong></span> <span class='ocrx_word' id='word_1_157' title='bbox 1431 1578 1564 1620; x_wconf 83' lang='lat' dir='ltr'><strong>media</strong></span> <span class='ocrx_word' id='word_1_158' title='bbox 1605 1579 1806 1631; x_wconf 89' lang='lat' dir='ltr'><strong>extemplo</strong></span> <span class='ocrx_word' id='word_1_159' title='bbox 1841 1579 2114 1632; x_wconf 78' lang='lat' dir='ltr'><strong>perspiciatur.</strong></span> <span class='ocrx_word' id='word_1_160' title='bbox 2170 1579 2275 1620; x_wconf 87' lang='lat' dir='ltr'><strong>Nam</strong></span> <span class='ocrx_word' id='word_1_161' title='bbox 2307 1585 2377 1622; x_wconf 89' lang='lat' dir='ltr'><strong>aut</strong></span> <span class='ocrx_word' id='word_1_162' title='bbox 2410 1580 2545 1627; x_wconf 83' lang='lat' dir='ltr'><strong>activa</strong></span> 
     </span>
     <span class='ocr_line' id='line_1_16' title="bbox 225 1647 2544 1701; baseline 0.002 -12.937"><span class='ocrx_word' id='word_1_163' title='bbox 225 1651 393 1689; x_wconf 54' lang='lat' dir='ltr'><strong>tanturm</strong></span> <span class='ocrx_word' id='word_1_164' title='bbox 420 1647 551 1688; x_wconf 84' lang='lat' dir='ltr'><strong>forma</strong></span> <span class='ocrx_word' id='word_1_165' title='bbox 577 1648 656 1700; x_wconf 79' lang='lat' dir='ltr'><strong>(utz</strong></span> <span class='ocrx_word' id='word_1_166' title='bbox 684 1648 857 1699; x_wconf 87' lang='lat' dir='ltr'><strong>werden,</strong></span> <span class='ocrx_word' id='word_1_167' title='bbox 887 1648 1128 1699; x_wconf 90' lang='lat' dir='ltr'><strong>erbleichen,</strong></span> <span class='ocrx_word' id='word_1_168' title='bbox 1156 1648 1361 1698; x_wconf 89' lang='lat' dir='ltr'><strong>trocknen,</strong></span> <span class='ocrx_word' id='word_1_169' title='bbox 1393 1648 1568 1699; x_wconf 85' lang='lat' dir='ltr'><strong>siechen,</strong></span> <span class='ocrx_word' id='word_1_170' title='bbox 1585 1648 1779 1701; x_wconf 89' lang='lat' dir='ltr'><strong>erbeben)</strong></span> <span class='ocrx_word' id='word_1_171' title='bbox 1807 1648 2023 1700; x_wconf 86' lang='lat' dir='ltr'><strong>reddimus,</strong></span> <span class='ocrx_word' id='word_1_172' title='bbox 2038 1653 2107 1689; x_wconf 89' lang='lat' dir='ltr'><strong>aut</strong></span> <span class='ocrx_word' id='word_1_173' title='bbox 2131 1660 2192 1699; x_wconf 87' lang='lat' dir='ltr'><strong>ea,</strong></span> <span class='ocrx_word' id='word_1_174' title='bbox 2212 1660 2264 1690; x_wconf 89' lang='lat' dir='ltr'><strong>ex</strong></span> <span class='ocrx_word' id='word_1_175' title='bbox 2283 1661 2363 1700; x_wconf 90' lang='lat' dir='ltr'><strong>qua</strong></span> <span class='ocrx_word' id='word_1_176' title='bbox 2387 1662 2431 1691; x_wconf 90' lang='lat' dir='ltr'><strong>re</strong></span> <span class='ocrx_word' id='word_1_177' title='bbox 2445 1662 2544 1693; x_wconf 80' lang='lat' dir='ltr'><strong>vera</strong></span> 
     </span>
     <span class='ocr_line' id='line_1_17' title="bbox 238 1714 2539 1774; baseline 0 -15"><span class='ocrx_word' id='word_1_178' title='bbox 238 1714 376 1774; x_wconf 79' lang='lat' dir='ltr'><strong>media</strong></span> <span class='ocrx_word' id='word_1_179' title='bbox 402 1729 538 1759; x_wconf 90' lang='lat' dir='ltr'><strong>eorum</strong></span> <span class='ocrx_word' id='word_1_180' title='bbox 565 1717 672 1759; x_wconf 90' lang='lat' dir='ltr'><strong>notio</strong></span> <span class='ocrx_word' id='word_1_181' title='bbox 705 1717 1010 1758; x_wconf 85' lang='lat' dir='ltr'><strong>internoscatur.</strong></span> <span class='ocrx_word' id='word_1_182' title='bbox 1066 1717 1198 1768; x_wconf 91' lang='lat' dir='ltr'><strong>Atque</strong></span> <span class='ocrx_word' id='word_1_183' title='bbox 1226 1717 1325 1758; x_wconf 85' lang='lat' dir='ltr'><strong>haec</strong></span> <span class='ocrx_word' id='word_1_184' title='bbox 1353 1716 1483 1758; x_wconf 86' lang='lat' dir='ltr'><strong>forma</strong></span> <span class='ocrx_word' id='word_1_185' title='bbox 1510 1716 1641 1758; x_wconf 85' lang='lat' dir='ltr'><strong>media</strong></span> <span class='ocrx_word' id='word_1_186' title='bbox 1669 1715 1852 1769; x_wconf 85' lang='lat' dir='ltr'><strong>efficitur,</strong></span> <span class='ocrx_word' id='word_1_187' title='bbox 1882 1729 2001 1768; x_wconf 90' lang='lat' dir='ltr'><strong>quum</strong></span> <span class='ocrx_word' id='word_1_188' title='bbox 2029 1716 2179 1759; x_wconf 87' lang='lat' dir='ltr'><strong>formae</strong></span> <span class='ocrx_word' id='word_1_189' title='bbox 2214 1717 2369 1760; x_wconf 81' lang='lat' dir='ltr'><strong>activae</strong></span> <span class='ocrx_word' id='word_1_190' title='bbox 2397 1730 2539 1771; x_wconf 89' lang='lat' dir='ltr'><strong>prono·</strong></span> 
     </span>
     <span class='ocr_line' id='line_1_18' title="bbox 234 1774 2541 1843; baseline 0 -16"><span class='ocrx_word' id='word_1_191' title='bbox 234 1774 359 1827; x_wconf 83' lang='lat' dir='ltr'><strong>minis</strong></span> <span class='ocrx_word' id='word_1_192' title='bbox 385 1785 609 1843; x_wconf 82' lang='lat' dir='ltr'><strong>personalis</strong></span> <span class='ocrx_word' id='word_1_193' title='bbox 638 1786 910 1827; x_wconf 84' lang='lat' dir='ltr'><strong>accusativum</strong></span> <span class='ocrx_word' id='word_1_194' title='bbox 938 1785 1077 1837; x_wconf 87' lang='lat' dir='ltr'><strong>„sich“</strong></span> <span class='ocrx_word' id='word_1_195' title='bbox 1106 1785 1371 1838; x_wconf 86' lang='lat' dir='ltr'><strong>adjungimus.</strong></span> <span class='ocrx_word' id='word_1_196' title='bbox 1416 1785 1486 1826; x_wconf 89' lang='lat' dir='ltr'><strong>Sic</strong></span> <span class='ocrx_word' id='word_1_197' title='bbox 1505 1799 1582 1826; x_wconf 88' lang='lat' dir='ltr'><strong>vox</strong></span> <span class='ocrx_word' id='word_1_198' title='bbox 1609 1785 1732 1836; x_wconf 85' lang='lat' dir='ltr'><strong>„sich</strong></span> <span class='ocrx_word' id='word_1_199' title='bbox 1759 1786 2022 1827; x_wconf 79' lang='lat' dir='ltr'><strong>betruben“</strong></span> <span class='ocrx_word' id='word_1_200' title='bbox 2051 1789 2113 1827; x_wconf 87' lang='lat' dir='ltr'><strong>est</strong></span> <span class='ocrx_word' id='word_1_201' title='bbox 2132 1785 2275 1837; x_wconf 87' lang='lat' dir='ltr'><strong>media,</strong></span> <span class='ocrx_word' id='word_1_202' title='bbox 2296 1788 2409 1838; x_wconf 88' lang='lat' dir='ltr'><strong>cujus</strong></span> <span class='ocrx_word' id='word_1_203' title='bbox 2427 1799 2541 1839; x_wconf 85' lang='lat' dir='ltr'><strong>prae-</strong></span> 
     </span>
     <span class='ocr_line' id='line_1_19' title="bbox 239 1853 1064 1907; baseline -0.002 -11"><span class='ocrx_word' id='word_1_204' title='bbox 239 1865 335 1896; x_wconf 69' lang='lat' dir='ltr'><strong>sens</strong></span> <span class='ocrx_word' id='word_1_205' title='bbox 361 1858 519 1907; x_wconf 87' lang='lat' dir='ltr'><strong>tempus</strong></span> <span class='ocrx_word' id='word_1_206' title='bbox 548 1859 628 1896; x_wconf 86' lang='lat' dir='ltr'><strong>est:</strong></span> <span class='ocrx_word' id='word_1_207' title='bbox 657 1853 722 1895; x_wconf 86' lang='lat' dir='ltr'><strong>ich</strong></span> <span class='ocrx_word' id='word_1_208' title='bbox 749 1854 918 1895; x_wconf 78' lang='lat' dir='ltr'><strong>betrube</strong></span> <span class='ocrx_word' id='word_1_209' title='bbox 945 1854 1064 1895; x_wconf 87' lang='lat' dir='ltr'><strong>mich.</strong></span> 
     </span>
    </p>

    <p class='ocr_par' dir='ltr' id='par_1_10' title="bbox 181 1922 2575 2393">
     <span class='ocr_line' id='line_1_20' title="bbox 430 1922 2541 1974; baseline 0.001 -9"><span class='ocrx_word' id='word_1_210' title='bbox 430 1923 540 1965; x_wconf 84' lang='lat' dir='ltr'><strong>Sane</strong></span> <span class='ocrx_word' id='word_1_211' title='bbox 558 1923 660 1966; x_wconf 86' lang='lat' dir='ltr'><strong>haec</strong></span> <span class='ocrx_word' id='word_1_212' title='bbox 676 1936 756 1965; x_wconf 86' lang='lat' dir='ltr'><strong>vox</strong></span> <span class='ocrx_word' id='word_1_213' title='bbox 776 1922 905 1964; x_wconf 84' lang='lat' dir='ltr'><strong>forma</strong></span> <span class='ocrx_word' id='word_1_214' title='bbox 922 1923 1114 1965; x_wconf 86' lang='lat' dir='ltr'><strong>reflexiva</strong></span> <span class='ocrx_word' id='word_1_215' title='bbox 1142 1923 1275 1964; x_wconf 88' lang='lat' dir='ltr'><strong>utitur.</strong></span> <span class='ocrx_word' id='word_1_216' title='bbox 1317 1922 1436 1972; x_wconf 83' lang='lat' dir='ltr'><strong>Quod</strong></span> <span class='ocrx_word' id='word_1_217' title='bbox 1465 1936 1559 1964; x_wconf 88' lang='lat' dir='ltr'><strong>vero</strong></span> <span class='ocrx_word' id='word_1_218' title='bbox 1588 1923 1898 1974; x_wconf 89' lang='lat' dir='ltr'><strong>unumquodque</strong></span> <span class='ocrx_word' id='word_1_219' title='bbox 1918 1922 2002 1963; x_wconf 85' lang='lat' dir='ltr'><strong>fere</strong></span> <span class='ocrx_word' id='word_1_220' title='bbox 2029 1923 2193 1964; x_wconf 87' lang='lat' dir='ltr'><strong>verbum</strong></span> <span class='ocrx_word' id='word_1_221' title='bbox 2222 1936 2312 1965; x_wconf 89' lang='lat' dir='ltr'><strong>eam</strong></span> <span class='ocrx_word' id='word_1_222' title='bbox 2341 1923 2541 1967; x_wconf 86' lang='lat' dir='ltr'><strong>formam</strong></span> 
     </span>
     <span class='ocr_line' id='line_1_21' title="bbox 239 1991 2539 2047; baseline -0 -12"><span class='ocrx_word' id='word_1_223' title='bbox 239 1992 427 2047; x_wconf 64' lang='lat' dir='ltr'><strong>patiatur,</strong></span> <span class='ocrx_word' id='word_1_224' title='bbox 455 1992 571 2034; x_wconf 83' lang='lat' dir='ltr'><strong>facile</strong></span> <span class='ocrx_word' id='word_1_225' title='bbox 597 1992 839 2045; x_wconf 83' lang='lat' dir='ltr'><strong>intelligitur,</strong></span> <span class='ocrx_word' id='word_1_226' title='bbox 869 1992 1069 2044; x_wconf 91' lang='lat' dir='ltr'><strong>quomodo</strong></span> <span class='ocrx_word' id='word_1_227' title='bbox 1098 1992 1247 2033; x_wconf 87' lang='lat' dir='ltr'><strong>factum</strong></span> <span class='ocrx_word' id='word_1_228' title='bbox 1276 1993 1327 2033; x_wconf 84' lang='lat' dir='ltr'><strong>sit</strong></span> <span class='ocrx_word' id='word_1_229' title='bbox 1335 2024 1344 2044; x_wconf 91' lang='lat'><em>‚</em></span> <span class='ocrx_word' id='word_1_230' title='bbox 1380 1997 1422 2032; x_wconf 90' lang='lat' dir='ltr'><strong>ut</strong></span> <span class='ocrx_word' id='word_1_231' title='bbox 1455 1992 1589 2033; x_wconf 88' lang='lat' dir='ltr'><strong>statim</strong></span> <span class='ocrx_word' id='word_1_232' title='bbox 1626 1992 1676 2033; x_wconf 93' lang='lat' dir='ltr'><strong>de</strong></span> <span class='ocrx_word' id='word_1_233' title='bbox 1708 1991 1904 2032; x_wconf 90' lang='lat' dir='ltr'><strong>notione</strong></span> <span class='ocrx_word' id='word_1_234' title='bbox 1945 1992 2103 2033; x_wconf 90' lang='lat' dir='ltr'><strong>media</strong></span> <span class='ocrx_word' id='word_1_235' title='bbox 2143 1992 2381 2044; x_wconf 82' lang='lat' dir='ltr'><strong>cogitarent,</strong></span> <span class='ocrx_word' id='word_1_236' title='bbox 2418 2005 2539 2045; x_wconf 90' lang='lat' dir='ltr'><strong>quum</strong></span> 
     </span>
     <span class='ocr_line' id='line_1_22' title="bbox 239 2060 2539 2115; baseline 0 -10"><span class='ocrx_word' id='word_1_237' title='bbox 239 2060 410 2105; x_wconf 79' lang='lat' dir='ltr'><strong>formam</strong></span> <span class='ocrx_word' id='word_1_238' title='bbox 451 2061 685 2105; x_wconf 85' lang='lat' dir='ltr'><strong>reflexivam</strong></span> <span class='ocrx_word' id='word_1_239' title='bbox 726 2063 889 2104; x_wconf 86' lang='lat' dir='ltr'><strong>auribus</strong></span> <span class='ocrx_word' id='word_1_240' title='bbox 931 2062 998 2103; x_wconf 83' lang='lat' dir='ltr'><strong>vel</strong></span> <span class='ocrx_word' id='word_1_241' title='bbox 1039 2061 1165 2103; x_wconf 87' lang='lat' dir='ltr'><strong>oculis</strong></span> <span class='ocrx_word' id='word_1_242' title='bbox 1193 2062 1457 2115; x_wconf 88' lang='lat' dir='ltr'><strong>perciperent.</strong></span> <span class='ocrx_word' id='word_1_243' title='bbox 1514 2062 1670 2115; x_wconf 85' lang='lat' dir='ltr'><strong>Nempe</strong></span> <span class='ocrx_word' id='word_1_244' title='bbox 1704 2060 1834 2102; x_wconf 86' lang='lat' dir='ltr'><strong>forma</strong></span> <span class='ocrx_word' id='word_1_245' title='bbox 1867 2061 2066 2102; x_wconf 90' lang='lat' dir='ltr'><strong>notionem</strong></span> <span class='ocrx_word' id='word_1_246' title='bbox 2092 2061 2278 2103; x_wconf 89' lang='lat' dir='ltr'><strong>mediam-</strong></span> <span class='ocrx_word' id='word_1_247' title='bbox 2293 2061 2433 2104; x_wconf 86' lang='lat' dir='ltr'><strong>inflare</strong></span> <span class='ocrx_word' id='word_1_248' title='bbox 2460 2076 2539 2105; x_wconf 90' lang='lat' dir='ltr'><strong>non</strong></span> 
     </span>
     <span class='ocr_line' id='line_1_23' title="bbox 237 2130 2540 2188; baseline 0 -13"><span class='ocrx_word' id='word_1_249' title='bbox 237 2136 384 2188; x_wconf 75' lang='lat' dir='ltr'><strong>potest,</strong></span> <span class='ocrx_word' id='word_1_250' title='bbox 412 2132 503 2175; x_wconf 82' lang='lat' dir='ltr'><strong>nisi&#39;</strong></span> <span class='ocrx_word' id='word_1_251' title='bbox 520 2133 687 2176; x_wconf 85' lang='lat' dir='ltr'><strong>verbum</strong></span> <span class='ocrx_word' id='word_1_252' title='bbox 715 2132 811 2174; x_wconf 89' lang='lat' dir='ltr'><strong>illud</strong></span> <span class='ocrx_word' id='word_1_253' title='bbox 840 2137 912 2184; x_wconf 86' lang='lat' dir='ltr'><strong>est,</strong></span> <span class='ocrx_word' id='word_1_254' title='bbox 942 2133 1006 2174; x_wconf 91' lang='lat' dir='ltr'><strong>cui</strong></span> <span class='ocrx_word' id='word_1_255' title='bbox 1033 2135 1102 2172; x_wconf 88' lang='lat' dir='ltr'><strong>aut</strong></span> <span class='ocrx_word' id='word_1_256' title='bbox 1130 2131 1238 2172; x_wconf 90' lang='lat' dir='ltr'><strong>notio</strong></span> <span class='ocrx_word' id='word_1_257' title='bbox 1264 2131 1397 2173; x_wconf 84' lang='lat' dir='ltr'><strong>media</strong></span> <span class='ocrx_word' id='word_1_258' title='bbox 1422 2133 1567 2173; x_wconf 74' lang='lat' dir='ltr'><strong>natura</strong></span> <span class='ocrx_word' id='word_1_259' title='bbox 1599 2132 1737 2173; x_wconf 86' lang='lat' dir='ltr'><strong>innata</strong></span> <span class='ocrx_word' id='word_1_260' title='bbox 1764 2132 1833 2183; x_wconf 82' lang='lat' dir='ltr'><strong>sit,</strong></span> <span class='ocrx_word' id='word_1_261' title='bbox 1862 2134 1931 2173; x_wconf 90' lang='lat' dir='ltr'><strong>aut</strong></span> <span class='ocrx_word' id='word_1_262' title='bbox 1958 2130 2065 2183; x_wconf 91' lang='lat' dir='ltr'><strong>quod</strong></span> <span class='ocrx_word' id='word_1_263' title='bbox 2092 2130 2294 2173; x_wconf 88' lang='lat' dir='ltr'><strong>notionem</strong></span> <span class='ocrx_word' id='word_1_264' title='bbox 2322 2144 2435 2179; x_wconf 72' lang='lat' dir='ltr'><strong>susm</strong></span> <span class='ocrx_word' id='word_1_265' title='bbox 2463 2132 2540 2175; x_wconf 87' lang='lat' dir='ltr'><strong>sibi</strong></span> 
     </span>
     <span class='ocr_line' id='line_1_24' title="bbox 181 2192 2544 2255; baseline 0.001 -11"><span class='ocrx_word' id='word_1_266' title='bbox 181 2237 187 2244; x_wconf 94' lang='lat'><strong>.</strong></span> <span class='ocrx_word' id='word_1_267' title='bbox 238 2192 417 2244; x_wconf 68' lang='lat' dir='ltr'><strong>innatam</strong></span> <span class='ocrx_word' id='word_1_268' title='bbox 444 2203 502 2243; x_wconf 87' lang='lat' dir='ltr'><strong>ita</strong></span> <span class='ocrx_word' id='word_1_269' title='bbox 526 2206 752 2255; x_wconf 88' lang='lat' dir='ltr'><strong>temperare</strong></span> <span class='ocrx_word' id='word_1_270' title='bbox 793 2203 938 2254; x_wconf 91' lang='lat' dir='ltr'><strong>possit,</strong></span> <span class='ocrx_word' id='word_1_271' title='bbox 973 2207 1017 2242; x_wconf 91' lang='lat' dir='ltr'><strong>ut</strong></span> <span class='ocrx_word' id='word_1_272' title='bbox 1056 2201 1190 2242; x_wconf 88' lang='lat' dir='ltr'><strong>media</strong></span> <span class='ocrx_word' id='word_1_273' title='bbox 1230 2206 1369 2241; x_wconf 87' lang='lat' dir='ltr'><strong>utatur.</strong></span> <span class='ocrx_word' id='word_1_274' title='bbox 1427 2201 1553 2253; x_wconf 83' lang='lat' dir='ltr'><strong>Igitur</strong></span> <span class='ocrx_word' id='word_1_275' title='bbox 1587 2214 1675 2242; x_wconf 91' lang='lat' dir='ltr'><strong>cum</strong></span> <span class='ocrx_word' id='word_1_276' title='bbox 1708 2202 1862 2252; x_wconf 88' lang='lat' dir='ltr'><strong>verbis,</strong></span> <span class='ocrx_word' id='word_1_277' title='bbox 1893 2213 1998 2252; x_wconf 85' lang='lat' dir='ltr'><strong>quae</strong></span> <span class='ocrx_word' id='word_1_278' title='bbox 2030 2201 2157 2241; x_wconf 86' lang='lat' dir='ltr'><strong>forma</strong></span> <span class='ocrx_word' id='word_1_279' title='bbox 2182 2200 2373 2242; x_wconf 88' lang='lat' dir='ltr'><strong>reflexiva</strong></span> <span class='ocrx_word' id='word_1_280' title='bbox 2399 2202 2544 2246; x_wconf 67' lang='lat' dir='ltr'><strong>induta</strong></span> 
     </span>
     <span class='ocr_line' id='line_1_25' title="bbox 238 2261 2575 2324; baseline 0 -10"><span class='ocrx_word' id='word_1_281' title='bbox 238 2271 493 2314; x_wconf 78' lang='lat' dir='ltr'><strong>inveniuntur</strong></span> <span class='ocrx_word' id='word_1_282' title='bbox 520 2275 638 2313; x_wconf 90' lang='lat' dir='ltr'><strong>cauto</strong></span> <span class='ocrx_word' id='word_1_283' title='bbox 667 2284 769 2324; x_wconf 91' lang='lat' dir='ltr'><strong>opus</strong></span> <span class='ocrx_word' id='word_1_284' title='bbox 798 2276 859 2312; x_wconf 89' lang='lat' dir='ltr'><strong>est</strong></span> <span class='ocrx_word' id='word_1_285' title='bbox 886 2277 1009 2323; x_wconf 88' lang='lat' dir='ltr'><strong>atque</strong></span> <span class='ocrx_word' id='word_1_286' title='bbox 1037 2271 1267 2322; x_wconf 81' lang='lat' dir='ltr'><strong>videndum,</strong></span> <span class='ocrx_word' id='word_1_287' title='bbox 1295 2284 1389 2311; x_wconf 85' lang='lat' dir='ltr'><strong>num</strong></span> <span class='ocrx_word' id='word_1_288' title='bbox 1418 2283 1468 2312; x_wconf 88' lang='lat' dir='ltr'><strong>ea</strong></span> <span class='ocrx_word' id='word_1_289' title='bbox 1495 2271 1624 2312; x_wconf 85' lang='lat' dir='ltr'><strong>forma</strong></span> <span class='ocrx_word' id='word_1_290' title='bbox 1650 2271 1790 2324; x_wconf 78' lang='lat' dir='ltr'><strong>lingua</strong></span> <span class='ocrx_word' id='word_1_291' title='bbox 1807 2284 1850 2312; x_wconf 93' lang='lat' dir='ltr'><strong>re</strong></span> <span class='ocrx_word' id='word_1_292' title='bbox 1870 2283 1967 2312; x_wconf 84' lang='lat' dir='ltr'><strong>vera</strong></span> <span class='ocrx_word' id='word_1_293' title='bbox 1985 2283 2146 2311; x_wconf 88' lang='lat' dir='ltr'><strong>sensum</strong></span> <span class='ocrx_word' id='word_1_294' title='bbox 2163 2269 2396 2313; x_wconf 83' lang='lat' dir='ltr'><strong>reflexivum</strong></span> <span class='ocrx_word' id='word_1_295' title='bbox 2425 2270 2539 2314; x_wconf 87' lang='lat' dir='ltr'><strong>reddi</strong></span> <span class='ocrx_word' id='word_1_296' title='bbox 2572 2261 2575 2264; x_wconf 67' lang='lat'>‚</span> 
     </span>
     <span class='ocr_line' id='line_1_26' title="bbox 238 2327 1554 2393; baseline -0.001 -13"><span class='ocrx_word' id='word_1_297' title='bbox 238 2327 347 2393; x_wconf 79' lang='lat' dir='ltr'><strong>velit,</strong></span> <span class='ocrx_word' id='word_1_298' title='bbox 376 2353 430 2381; x_wconf 87' lang='lat' dir='ltr'><strong>an</strong></span> <span class='ocrx_word' id='word_1_299' title='bbox 449 2348 505 2381; x_wconf 82' lang='lat' dir='ltr'><strong>&#39;eo</strong></span> <span class='ocrx_word' id='word_1_300' title='bbox 533 2340 663 2381; x_wconf 83' lang='lat' dir='ltr'><strong>forma</strong></span> <span class='ocrx_word' id='word_1_301' title='bbox 689 2345 833 2391; x_wconf 84' lang='lat' dir='ltr'><strong>utatur,</strong></span> <span class='ocrx_word' id='word_1_302' title='bbox 863 2354 944 2392; x_wconf 91' lang='lat' dir='ltr'><strong>qua</strong></span> <span class='ocrx_word' id='word_1_303' title='bbox 970 2342 1172 2381; x_wconf 88' lang='lat' dir='ltr'><strong>notionem</strong></span> <span class='ocrx_word' id='word_1_304' title='bbox 1199 2341 1373 2380; x_wconf 88' lang='lat' dir='ltr'><strong>mediam</strong></span> <span class='ocrx_word' id='word_1_305' title='bbox 1401 2340 1554 2380; x_wconf 68' lang='lat' dir='ltr'><strong>reddat„</strong></span> 
     </span>
    </p>

    <p class='ocr_par' dir='ltr' id='par_1_11' title="bbox 237 2409 2538 2531">
     <span class='ocr_line' id='line_1_27' title="bbox 432 2409 2538 2461; baseline 0 -11"><span class='ocrx_word' id='word_1_306' title='bbox 432 2410 564 2458; x_wconf 83' lang='lat' dir='ltr'><strong>Quum</strong></span> <span class='ocrx_word' id='word_1_307' title='bbox 592 2422 686 2449; x_wconf 86' lang='lat' dir='ltr'><strong>vero</strong></span> <span class='ocrx_word' id='word_1_308' title='bbox 714 2411 840 2449; x_wconf 85' lang='lat' dir='ltr'><strong>multa</strong></span> <span class='ocrx_word' id='word_1_309' title='bbox 872 2412 999 2452; x_wconf 85' lang='lat' dir='ltr'><strong>verba</strong></span> <span class='ocrx_word' id='word_1_310' title='bbox 1032 2424 1120 2450; x_wconf 91' lang='lat' dir='ltr'><strong>cum</strong></span> <span class='ocrx_word' id='word_1_311' title='bbox 1154 2411 1346 2450; x_wconf 85' lang='lat' dir='ltr'><strong>reflexiva</strong></span> <span class='ocrx_word' id='word_1_312' title='bbox 1378 2415 1461 2450; x_wconf 88' lang='lat' dir='ltr'><strong>tum</strong></span> <span class='ocrx_word' id='word_1_313' title='bbox 1496 2411 1628 2450; x_wconf 87' lang='lat' dir='ltr'><strong>media</strong></span> <span class='ocrx_word' id='word_1_314' title='bbox 1661 2414 1701 2450; x_wconf 89' lang='lat' dir='ltr'><strong>et</strong></span> <span class='ocrx_word' id='word_1_315' title='bbox 1736 2410 1864 2450; x_wconf 87' lang='lat' dir='ltr'><strong>forma</strong></span> <span class='ocrx_word' id='word_1_316' title='bbox 1897 2414 1938 2450; x_wconf 88' lang='lat' dir='ltr'><strong>et</strong></span> <span class='ocrx_word' id='word_1_317' title='bbox 1971 2409 2133 2449; x_wconf 88' lang='lat' dir='ltr'><strong>notione</strong></span> <span class='ocrx_word' id='word_1_318' title='bbox 2160 2410 2217 2450; x_wconf 88' lang='lat' dir='ltr'><strong>uti</strong></span> <span class='ocrx_word' id='word_1_319' title='bbox 2245 2410 2414 2461; x_wconf 87' lang='lat' dir='ltr'><strong>possint,</strong></span> <span class='ocrx_word' id='word_1_320' title='bbox 2443 2423 2538 2451; x_wconf 89' lang='lat' dir='ltr'><strong>non-</strong></span> 
     </span>
     <span class='ocr_line' id='line_1_28' title="bbox 237 2477 1271 2531; baseline -0.002 -11"><span class='ocrx_word' id='word_1_321' title='bbox 237 2478 355 2520; x_wconf 79' lang='lat' dir='ltr'><strong>nullis</strong></span> <span class='ocrx_word' id='word_1_322' title='bbox 382 2477 579 2531; x_wconf 84' lang='lat' dir='ltr'><strong>exemplis</strong></span> <span class='ocrx_word' id='word_1_323' title='bbox 606 2478 736 2519; x_wconf 87' lang='lat' dir='ltr'><strong>allatis</strong></span> <span class='ocrx_word' id='word_1_324' title='bbox 765 2479 868 2519; x_wconf 87' lang='lat' dir='ltr'><strong>hanc</strong></span> <span class='ocrx_word' id='word_1_325' title='bbox 896 2493 980 2520; x_wconf 90' lang='lat' dir='ltr'><strong>rem</strong></span> <span class='ocrx_word' id='word_1_326' title='bbox 1009 2493 1271 2531; x_wconf 85' lang='lat' dir='ltr'><strong>exponamus.</strong></span> 
     </span>
    </p>

    <p class='ocr_par' dir='ltr' id='par_1_12' title="bbox 188 2547 2539 2880">
     <span class='ocr_line' id='line_1_29' title="bbox 428 2547 2537 2602; baseline 0.001 -14"><span class='ocrx_word' id='word_1_327' title='bbox 428 2549 490 2588; x_wconf 85' lang='lat' dir='ltr'><strong>Ac</strong></span> <span class='ocrx_word' id='word_1_328' title='bbox 516 2548 730 2588; x_wconf 88' lang='lat' dir='ltr'><strong>maximam</strong></span> <span class='ocrx_word' id='word_1_329' title='bbox 758 2548 800 2588; x_wconf 90' lang='lat' dir='ltr'><strong>in</strong></span> <span class='ocrx_word' id='word_1_330' title='bbox 828 2553 984 2600; x_wconf 88' lang='lat' dir='ltr'><strong>partem</strong></span> <span class='ocrx_word' id='word_1_331' title='bbox 1014 2562 1113 2589; x_wconf 88' lang='lat' dir='ltr'><strong>sono</strong></span> <span class='ocrx_word' id='word_1_332' title='bbox 1141 2548 1251 2588; x_wconf 87' lang='lat' dir='ltr'><strong>vocis</strong></span> <span class='ocrx_word' id='word_1_333' title='bbox 1280 2547 1491 2588; x_wconf 86' lang='lat' dir='ltr'><strong>reflexivus</strong></span> <span class='ocrx_word' id='word_1_334' title='bbox 1525 2561 1549 2587; x_wconf 87' lang='lat' dir='ltr'><strong>a</strong></span> <span class='ocrx_word' id='word_1_335' title='bbox 1577 2547 1709 2588; x_wconf 90' lang='lat' dir='ltr'><strong>medio</strong></span> <span class='ocrx_word' id='word_1_336' title='bbox 1737 2561 1857 2589; x_wconf 87' lang='lat' dir='ltr'><strong>sensu</strong></span> <span class='ocrx_word' id='word_1_337' title='bbox 1885 2548 2173 2589; x_wconf 87' lang='lat' dir='ltr'><strong>internoscitur.</strong></span> <span class='ocrx_word' id='word_1_338' title='bbox 2228 2547 2275 2590; x_wconf 86' lang='lat' dir='ltr'><strong>Si</strong></span> <span class='ocrx_word' id='word_1_339' title='bbox 2309 2548 2414 2602; x_wconf 85' lang='lat' dir='ltr'><strong>enim</strong></span> <span class='ocrx_word' id='word_1_340' title='bbox 2448 2562 2537 2601; x_wconf 84' lang='lat' dir='ltr'><strong>gra-</strong></span> 
     </span>
     <span class='ocr_line' id='line_1_30' title="bbox 188 2616 2539 2672; baseline 0 -14"><span class='ocrx_word' id='word_1_341' title='bbox 188 2669 192 2672; x_wconf 35' lang='lat'>·</span> <span class='ocrx_word' id='word_1_342' title='bbox 236 2618 345 2658; x_wconf 81' lang='lat' dir='ltr'><strong>viore</strong></span> <span class='ocrx_word' id='word_1_343' title='bbox 373 2629 474 2658; x_wconf 90' lang='lat' dir='ltr'><strong>sono</strong></span> <span class='ocrx_word' id='word_1_344' title='bbox 501 2629 720 2668; x_wconf 88' lang='lat' dir='ltr'><strong>pronomen</strong></span> <span class='ocrx_word' id='word_1_345' title='bbox 746 2617 950 2669; x_wconf 90' lang='lat' dir='ltr'><strong>premitur,</strong></span> <span class='ocrx_word' id='word_1_346' title='bbox 980 2617 1032 2658; x_wconf 93' lang='lat' dir='ltr'><strong>de</strong></span> <span class='ocrx_word' id='word_1_347' title='bbox 1060 2616 1252 2658; x_wconf 84' lang='lat' dir='ltr'><strong>reflexivo</strong></span> <span class='ocrx_word' id='word_1_348' title='bbox 1278 2630 1418 2667; x_wconf 87' lang='lat' dir='ltr'><strong>sensu;</strong></span> <span class='ocrx_word' id='word_1_349' title='bbox 1448 2616 1510 2657; x_wconf 90' lang='lat' dir='ltr'><strong>sin</strong></span> <span class='ocrx_word' id='word_1_350' title='bbox 1543 2617 1721 2667; x_wconf 89' lang='lat' dir='ltr'><strong>verbum,</strong></span> <span class='ocrx_word' id='word_1_351' title='bbox 1751 2617 1802 2658; x_wconf 89' lang='lat' dir='ltr'><strong>de</strong></span> <span class='ocrx_word' id='word_1_352' title='bbox 1829 2616 1963 2658; x_wconf 89' lang='lat' dir='ltr'><strong>medio</strong></span> <span class='ocrx_word' id='word_1_353' title='bbox 1999 2616 2252 2670; x_wconf 84' lang='lat' dir='ltr'><strong>cogitandum</strong></span> <span class='ocrx_word' id='word_1_354' title='bbox 2286 2621 2357 2658; x_wconf 84' lang='lat' dir='ltr'><strong>est.</strong></span> <span class='ocrx_word' id='word_1_355' title='bbox 2414 2617 2539 2669; x_wconf 80' lang='lat' dir='ltr'><strong>Igitur</strong></span> 
     </span>
     <span class='ocr_line' id='line_1_31' title="bbox 236 2684 2539 2743; baseline -0.001 -14"><span class='ocrx_word' id='word_1_356' title='bbox 236 2698 359 2743; x_wconf 77' lang='lat' dir='ltr'><strong>quum</strong></span> <span class='ocrx_word' id='word_1_357' title='bbox 385 2686 429 2727; x_wconf 90' lang='lat' dir='ltr'><strong>in</strong></span> <span class='ocrx_word' id='word_1_358' title='bbox 456 2684 589 2727; x_wconf 87' lang='lat' dir='ltr'><strong>medio</strong></span> <span class='ocrx_word' id='word_1_359' title='bbox 618 2698 740 2727; x_wconf 88' lang='lat' dir='ltr'><strong>sensu</strong></span> <span class='ocrx_word' id='word_1_360' title='bbox 768 2699 794 2728; x_wconf 90' lang='lat' dir='ltr'><strong>a</strong></span> <span class='ocrx_word' id='word_1_361' title='bbox 821 2686 1055 2739; x_wconf 91' lang='lat' dir='ltr'><strong>pronomine</strong></span> <span class='ocrx_word' id='word_1_362' title='bbox 1083 2698 1207 2727; x_wconf 88' lang='lat' dir='ltr'><strong>sonus</strong></span> <span class='ocrx_word' id='word_1_363' title='bbox 1236 2690 1496 2737; x_wconf 85' lang='lat' dir='ltr'><strong>removeatur,</strong></span> <span class='ocrx_word' id='word_1_364' title='bbox 1526 2686 1691 2727; x_wconf 90' lang='lat' dir='ltr'><strong>verbum</strong></span> <span class='ocrx_word' id='word_1_365' title='bbox 1709 2685 1894 2740; x_wconf 85' lang='lat' dir='ltr'><strong>graviore</strong></span> <span class='ocrx_word' id='word_1_366' title='bbox 1914 2697 2012 2727; x_wconf 93' lang='lat' dir='ltr'><strong>sono</strong></span> <span class='ocrx_word' id='word_1_367' title='bbox 2037 2689 2251 2738; x_wconf 87' lang='lat' dir='ltr'><strong>prematur,</strong></span> <span class='ocrx_word' id='word_1_368' title='bbox 2279 2685 2397 2728; x_wconf 85' lang='lat' dir='ltr'><strong>facile</strong></span> <span class='ocrx_word' id='word_1_369' title='bbox 2424 2685 2539 2727; x_wconf 88' lang='lat' dir='ltr'><strong>intel·</strong></span> 
     </span>
     <span class='ocr_line' id='line_1_32' title="bbox 236 2755 2537 2812; baseline 0 -15"><span class='ocrx_word' id='word_1_370' title='bbox 236 2756 381 2812; x_wconf 72' lang='lat' dir='ltr'><strong>ligitur,</strong></span> <span class='ocrx_word' id='word_1_371' title='bbox 409 2768 630 2809; x_wconf 90' lang='lat' dir='ltr'><strong>pronomen</strong></span> <span class='ocrx_word' id='word_1_372' title='bbox 647 2755 770 2808; x_wconf 83' lang='lat' dir='ltr'><strong>-fnngi</strong></span> <span class='ocrx_word' id='word_1_373' title='bbox 798 2769 964 2797; x_wconf 90' lang='lat' dir='ltr'><strong>munere</strong></span> <span class='ocrx_word' id='word_1_374' title='bbox 993 2760 1146 2796; x_wconf 89' lang='lat' dir='ltr'><strong>tantum</strong></span> <span class='ocrx_word' id='word_1_375' title='bbox 1172 2755 1384 2807; x_wconf 84' lang='lat' dir='ltr'><strong>adjutorio,</strong></span> <span class='ocrx_word' id='word_1_376' title='bbox 1414 2768 1493 2805; x_wconf 90' lang='lat' dir='ltr'><strong>quo</strong></span> <span class='ocrx_word' id='word_1_377' title='bbox 1523 2756 1583 2796; x_wconf 88' lang='lat' dir='ltr'><strong>vis</strong></span> <span class='ocrx_word' id='word_1_378' title='bbox 1611 2756 1725 2796; x_wconf 89' lang='lat' dir='ltr'><strong>verbi</strong></span> <span class='ocrx_word' id='word_1_379' title='bbox 1752 2760 1958 2808; x_wconf 85' lang='lat' dir='ltr'><strong>augeatur,</strong></span> <span class='ocrx_word' id='word_1_380' title='bbox 1987 2755 2075 2807; x_wconf 90' lang='lat' dir='ltr'><strong>ipse</strong></span> <span class='ocrx_word' id='word_1_381' title='bbox 2094 2759 2209 2795; x_wconf 86' lang='lat' dir='ltr'><strong>actus</strong></span> <span class='ocrx_word' id='word_1_382' title='bbox 2228 2759 2348 2807; x_wconf 79' lang='lat' dir='ltr'><strong>atque</strong></span> <span class='ocrx_word' id='word_1_383' title='bbox 2367 2755 2537 2797; x_wconf 83' lang='lat' dir='ltr'><strong>affectus</strong></span> 
     </span>
     <span class='ocr_line' id='line_1_33' title="bbox 190 2823 847 2880; baseline -0.003 -13"><span class='ocrx_word' id='word_1_384' title='bbox 190 2840 195 2843; x_wconf 91' lang='lat'>·</span> <span class='ocrx_word' id='word_1_385' title='bbox 235 2825 409 2878; x_wconf 81' lang='lat' dir='ltr'><strong>subjecti</strong></span> <span class='ocrx_word' id='word_1_386' title='bbox 435 2823 600 2880; x_wconf 73' lang='lat' dir='ltr'><strong>gravius</strong></span> <span class='ocrx_word' id='word_1_387' title='bbox 628 2824 847 2866; x_wconf 87' lang='lat' dir='ltr'><strong>denotetur.</strong></span> 
     </span>
    </p>

    <p class='ocr_par' dir='ltr' id='par_1_13' title="bbox 192 2890 2537 3083">
     <span class='ocr_line' id='line_1_34' title="bbox 426 2890 2536 2946; baseline -0 -11"><span class='ocrx_word' id='word_1_388' title='bbox 426 2890 570 2946; x_wconf 65' lang='lat' dir='ltr'><strong>Ifaqw</strong></span> <span class='ocrx_word' id='word_1_389' title='bbox 598 2894 633 2936; x_wconf 90' lang='lat' dir='ltr'><strong>si</strong></span> <span class='ocrx_word' id='word_1_390' title='bbox 661 2894 770 2937; x_wconf 89' lang='lat' dir='ltr'><strong>dico:</strong></span> <span class='ocrx_word' id='word_1_391' title='bbox 800 2895 866 2936; x_wconf 85' lang='lat' dir='ltr'><strong>ich</strong></span> <span class='ocrx_word' id='word_1_392' title='bbox 895 2894 1051 2936; x_wconf 82' lang='lat' dir='ltr'><strong>fflrchte</strong></span> <span class='ocrx_word' id='word_1_393' title='bbox 1079 2894 1146 2935; x_wconf 91' lang='lat' dir='ltr'><strong>bei</strong></span> <span class='ocrx_word' id='word_1_394' title='bbox 1175 2893 1308 2934; x_wconf 89' lang='lat' dir='ltr'><strong>dieser</strong></span> <span class='ocrx_word' id='word_1_395' title='bbox 1334 2893 1465 2935; x_wconf 85' lang='lat' dir='ltr'><strong>Sache</strong></span> <span class='ocrx_word' id='word_1_396' title='bbox 1494 2894 1635 2945; x_wconf 85' lang='lat' dir='ltr'><strong>mich,</strong></span> <span class='ocrx_word' id='word_1_397' title='bbox 1666 2894 1741 2934; x_wconf 91' lang='lat' dir='ltr'><strong>hoc</strong></span> <span class='ocrx_word' id='word_1_398' title='bbox 1768 2897 1845 2933; x_wconf 90' lang='lat' dir='ltr'><strong>est:</strong></span> <span class='ocrx_word' id='word_1_399' title='bbox 1874 2893 2006 2934; x_wconf 91' lang='lat' dir='ltr'><strong>meine</strong></span> <span class='ocrx_word' id='word_1_400' title='bbox 2034 2893 2174 2946; x_wconf 88' lang='lat' dir='ltr'><strong>eigene</strong></span> <span class='ocrx_word' id='word_1_401' title='bbox 2202 2892 2443 2946; x_wconf 73' lang='lat' dir='ltr'><strong>Schwache3</strong></span> <span class='ocrx_word' id='word_1_402' title='bbox 2470 2893 2536 2935; x_wconf 87' lang='lat' dir='ltr'><strong>ich</strong></span> 
     </span>
     <span class='ocr_line' id='line_1_35' title="bbox 192 2961 2535 3016; baseline -0.001 -10"><span class='ocrx_word' id='word_1_403' title='bbox 192 2978 195 2981; x_wconf 72' lang='grc'><em>’</em></span> <span class='ocrx_word' id='word_1_404' title='bbox 234 2963 391 3006; x_wconf 81' lang='lat' dir='ltr'><strong>fllrchte</strong></span> <span class='ocrx_word' id='word_1_405' title='bbox 418 2964 485 3005; x_wconf 88' lang='lat' dir='ltr'><strong>bei</strong></span> <span class='ocrx_word' id='word_1_406' title='bbox 512 2963 646 3006; x_wconf 85' lang='lat' dir='ltr'><strong>dieser</strong></span> <span class='ocrx_word' id='word_1_407' title='bbox 663 2964 795 3006; x_wconf 87' lang='lat' dir='ltr'><strong>Sache</strong></span> <span class='ocrx_word' id='word_1_408' title='bbox 823 2964 952 3016; x_wconf 91' lang='lat' dir='ltr'><strong>dich,</strong></span> <span class='ocrx_word' id='word_1_409' title='bbox 983 2968 1060 3005; x_wconf 88' lang='lat' dir='ltr'><strong>est:</strong></span> <span class='ocrx_word' id='word_1_410' title='bbox 1090 2961 1210 3003; x_wconf 90' lang='lat' dir='ltr'><strong>deine</strong></span> <span class='ocrx_word' id='word_1_411' title='bbox 1224 2962 1686 3013; x_wconf 86' lang='lat' dir='ltr'><strong>Leidenschafflichkeit,</strong></span> <span class='ocrx_word' id='word_1_412' title='bbox 1707 2967 1747 3002; x_wconf 94' lang='lat' dir='ltr'><strong>et</strong></span> <span class='ocrx_word' id='word_1_413' title='bbox 1765 2963 1932 3003; x_wconf 87' lang='lat' dir='ltr'><strong>verbum</strong></span> <span class='ocrx_word' id='word_1_414' title='bbox 1949 2962 2071 3003; x_wconf 87' lang='lat' dir='ltr'><strong>habet</strong></span> <span class='ocrx_word' id='word_1_415' title='bbox 2090 2974 2253 3003; x_wconf 89' lang='lat' dir='ltr'><strong>sensum</strong></span> <span class='ocrx_word' id='word_1_416' title='bbox 2271 2962 2535 3004; x_wconf 87' lang='lat' dir='ltr'><strong>transitivum.</strong></span> 
     </span>
     <span class='ocr_line' id='line_1_36' title="bbox 233 3030 2537 3083; baseline -0 -9"><span class='ocrx_word' id='word_1_417' title='bbox 233 3030 309 3074; x_wconf 80' lang='lat' dir='ltr'><strong>S&#39;m</strong></span> <span class='ocrx_word' id='word_1_418' title='bbox 334 3046 429 3074; x_wconf 83' lang='lat' dir='ltr'><strong>vero</strong></span> <span class='ocrx_word' id='word_1_419' title='bbox 457 3032 607 3075; x_wconf 84' lang='lat' dir='ltr'><strong>dicam:</strong></span> <span class='ocrx_word' id='word_1_420' title='bbox 635 3034 714 3074; x_wconf 92' lang='lat' dir='ltr'><strong>ich</strong></span> <span class='ocrx_word' id='word_1_421' title='bbox 743 3033 934 3075; x_wconf 70' lang='lat' dir='ltr'><strong>farchte</strong></span> <span class='ocrx_word' id='word_1_422' title='bbox 963 3032 1079 3077; x_wconf 84' lang='lat' dir='ltr'><strong>mich.</strong></span> <span class='ocrx_word' id='word_1_423' title='bbox 1109 3033 1202 3074; x_wconf 87' lang='lat' dir='ltr'><strong>erit:</strong></span> <span class='ocrx_word' id='word_1_424' title='bbox 1238 3032 1303 3072; x_wconf 91' lang='lat' dir='ltr'><strong>ich</strong></span> <span class='ocrx_word' id='word_1_425' title='bbox 1330 3032 1401 3073; x_wconf 93' lang='lat' dir='ltr'><strong>bin</strong></span> <span class='ocrx_word' id='word_1_426' title='bbox 1427 3032 1468 3071; x_wconf 93' lang='lat' dir='ltr'><strong>in</strong></span> <span class='ocrx_word' id='word_1_427' title='bbox 1497 3031 1807 3083; x_wconf 85' lang='lat' dir='ltr'><strong>furchterregter</strong></span> <span class='ocrx_word' id='word_1_428' title='bbox 1831 3031 2068 3083; x_wconf 82' lang='lat' dir='ltr'><strong>Stimmung,</strong></span> <span class='ocrx_word' id='word_1_429' title='bbox 2098 3031 2167 3083; x_wconf 91' lang='lat' dir='ltr'><strong>qui</strong></span> <span class='ocrx_word' id='word_1_430' title='bbox 2196 3044 2338 3073; x_wconf 85' lang='lat' dir='ltr'><strong>sensus</strong></span> <span class='ocrx_word' id='word_1_431' title='bbox 2366 3036 2428 3074; x_wconf 91' lang='lat' dir='ltr'><strong>est</strong></span> <span class='ocrx_word' id='word_1_432' title='bbox 2453 3045 2537 3073; x_wconf 86' lang='lat' dir='ltr'><strong>me-</strong></span> 
     </span>
    </p>
   </div>
   <div class='ocr_carea' id='block_1_7' title="bbox 187 3096 2536 3222">
    <p class='ocr_par' dir='ltr' id='par_1_14' title="bbox 187 3096 2536 3222">
     <span class='ocr_line' id='line_1_37' title="bbox 187 3096 1667 3156; baseline -0.001 -14"><span class='ocrx_word' id='word_1_433' title='bbox 187 3135 198 3142; x_wconf 87' lang='lat'><strong><em>.</em></strong></span> <span class='ocrx_word' id='word_1_434' title='bbox 233 3096 340 3145; x_wconf 68' lang='lat' dir='ltr'><strong>diu.</strong></span> <span class='ocrx_word' id='word_1_435' title='bbox 395 3100 501 3144; x_wconf 87' lang='lat' dir='ltr'><strong>Vox:</strong></span> <span class='ocrx_word' id='word_1_436' title='bbox 529 3102 594 3144; x_wconf 83' lang='lat' dir='ltr'><strong>ich</strong></span> <span class='ocrx_word' id='word_1_437' title='bbox 621 3102 779 3145; x_wconf 78' lang='lat' dir='ltr'><strong>furchte</strong></span> <span class='ocrx_word' id='word_1_438' title='bbox 807 3103 862 3145; x_wconf 92' lang='lat' dir='ltr'><strong>nil</strong></span> <span class='ocrx_word' id='word_1_439' title='bbox 890 3103 1027 3156; x_wconf 83' lang='lat' dir='ltr'><strong>magni</strong></span> <span class='ocrx_word' id='word_1_440' title='bbox 1055 3102 1107 3144; x_wconf 91' lang='lat' dir='ltr'><strong>de</strong></span> <span class='ocrx_word' id='word_1_441' title='bbox 1133 3102 1304 3154; x_wconf 85' lang='lat' dir='ltr'><strong>subjecti</strong></span> <span class='ocrx_word' id='word_1_442' title='bbox 1332 3101 1478 3143; x_wconf 86' lang='lat' dir='ltr'><strong>affectu</strong></span> <span class='ocrx_word' id='word_1_443' title='bbox 1506 3100 1667 3142; x_wconf 85' lang='lat' dir='ltr'><strong>indicat.</strong></span> 
     </span>
     <span class='ocr_line' id='line_1_38' title="bbox 426 3168 2536 3222; baseline -0.002 -9"><span class='ocrx_word' id='word_1_444' title='bbox 426 3170 584 3215; x_wconf 88' lang='lat' dir='ltr'><strong>Deinde</strong></span> <span class='ocrx_word' id='word_1_445' title='bbox 624 3171 717 3214; x_wconf 89' lang='lat' dir='ltr'><strong>item</strong></span> <span class='ocrx_word' id='word_1_446' title='bbox 760 3171 949 3214; x_wconf 86' lang='lat' dir='ltr'><strong>differunt</strong></span> <span class='ocrx_word' id='word_1_447' title='bbox 986 3183 1126 3213; x_wconf 87' lang='lat' dir='ltr'><strong>voces:</strong></span> <span class='ocrx_word' id='word_1_448' title='bbox 1170 3171 1236 3212; x_wconf 84' lang='lat' dir='ltr'><strong>ich</strong></span> <span class='ocrx_word' id='word_1_449' title='bbox 1278 3170 1462 3212; x_wconf 90' lang='lat' dir='ltr'><strong>bedenke</strong></span> <span class='ocrx_word' id='word_1_450' title='bbox 1503 3169 1626 3210; x_wconf 89' lang='lat' dir='ltr'><strong>mich</strong></span> <span class='ocrx_word' id='word_1_451' title='bbox 1668 3170 1842 3222; x_wconf 87' lang='lat' dir='ltr'><strong>(meinen</strong></span> <span class='ocrx_word' id='word_1_452' title='bbox 1870 3170 2079 3222; x_wconf 89' lang='lat' dir='ltr'><strong>Vortheil),</strong></span> <span class='ocrx_word' id='word_1_453' title='bbox 2116 3170 2181 3211; x_wconf 89' lang='lat' dir='ltr'><strong>ich</strong></span> <span class='ocrx_word' id='word_1_454' title='bbox 2209 3169 2397 3212; x_wconf 85' lang='lat' dir='ltr'><strong>bedenke</strong></span> <span class='ocrx_word' id='word_1_455' title='bbox 2425 3168 2536 3210; x_wconf 86' lang='lat' dir='ltr'><strong>dich</strong></span> 
     </span>
    </p>
   </div>
   <div class='ocr_carea' id='block_1_8' title="bbox 16 3205 1461 3298">
    <p class='ocr_par' dir='ltr' id='par_1_15' title="bbox 16 3205 1461 3298">
     <span class='ocr_line' id='line_1_39' title="bbox 16 3205 1461 3298; baseline -0.008 -7"><span class='ocrx_word' id='word_1_456' title='bbox 16 3205 59 3234; x_wconf 23' lang='grc' dir='ltr'><strong>λ’</strong></span> <span class='ocrx_word' id='word_1_457' title='bbox 83 3213 124 3298; x_wconf 15' lang='grc' dir='ltr'><strong>,μῖ</strong></span> <span class='ocrx_word' id='word_1_458' title='bbox 164 3239 204 3297; x_wconf 56' lang='lat'><strong>{2⁹</strong></span> <span class='ocrx_word' id='word_1_459' title='bbox 232 3238 402 3298; x_wconf 70' lang='lat' dir='ltr'><strong>(deiueu</strong></span> <span class='ocrx_word' id='word_1_460' title='bbox 426 3225 643 3294; x_wconf 82' lang='lat' dir='ltr'><strong>Vortheil);</strong></span> <span class='ocrx_word' id='word_1_461' title='bbox 670 3241 736 3283; x_wconf 89' lang='lat' dir='ltr'><strong>ich</strong></span> <span class='ocrx_word' id='word_1_462' title='bbox 764 3241 987 3283; x_wconf 83' lang='lat' dir='ltr'><strong>bedenke</strong></span> <span class='ocrx_word' id='word_1_463' title='bbox 1016 3240 1144 3293; x_wconf 91' lang='lat' dir='ltr'><strong>mich;</strong></span> <span class='ocrx_word' id='word_1_464' title='bbox 1172 3240 1236 3282; x_wconf 88' lang='lat' dir='ltr'><strong>ich</strong></span> <span class='ocrx_word' id='word_1_465' title='bbox 1263 3240 1461 3281; x_wconf 86' lang='lat' dir='ltr'><strong>bedenke.</strong></span> 
     </span>
    </p>
   </div>
   <div class='ocr_carea' id='block_1_9' title="bbox 0 3370 176 3575">
    <p class='ocr_par' dir='ltr' id='par_1_16' title="bbox 0 3370 176 3575">
     <span class='ocr_line' id='line_1_40' title="bbox 0 3370 176 3575; baseline 0 0"><span class='ocrx_word' id='word_1_466' title='bbox 0 3370 176 3575; x_wconf 95' lang='lat' dir='ltr'><strong> </strong></span> 
     </span>
    </p>
   </div>
   <div class='ocr_carea' id='block_1_10' title="bbox 2547 860 2833 907">
    <p class='ocr_par' dir='ltr' id='par_1_17' title="bbox 2547 860 2833 907">
     <span class='ocr_line' id='line_1_41' title="bbox 2547 860 2833 907; baseline 0 2668"><span class='ocrx_word' id='word_1_467' title='bbox 2547 860 2833 907; x_wconf 95' lang='lat' dir='ltr'><strong> </strong></span> 
     </span>
    </p>
   </div>
   <div class='ocr_carea' id='block_1_11' title="bbox 2609 3236 2833 3575">
    <p class='ocr_par' dir='ltr' id='par_1_18' title="bbox 2609 3236 2833 3575">
     <span class='ocr_line' id='line_1_42' title="bbox 2609 3236 2833 3575; baseline 0 0"><span class='ocrx_word' id='word_1_468' title='bbox 2609 3236 2833 3575; x_wconf 95' lang='lat' dir='ltr'><strong> </strong></span> 
     </span>
    </p>
   </div>
  </div>
 </body>
</html>
