2981 3591
534 537 677 588 uiam
686 551 745 588 ex
760 542 848 619 Q
852 544 1005 597 mma,
1024 546 1104 597 qui
1129 518 1383 597 cohaereant,
1411 545 1483 597 qui
1509 543 1695 586 differant
1723 556 1874 622 genera
1901 543 2105 597 passivmn
2133 547 2173 584 et
2198 537 2376 612 medium
2396 554 2483 586 m

140 733 150 740 .
333 684 467 737 Sic,
493 661 542 727 'ut
560 645 642 727 hoc
665 688 765 737 utar,
794 684 961 726 verbum
987 683 1117 737 fieri,
1147 686 1261 737 cujus
1289 682 1507 741 infinitivus
1534 682 1704 724 mediam
1723 682 1892 724 formam
1913 682 2099 735 servavit,
2129 677 2221 724 cum'
2239 681 2372 725 medio
2398 686 2484 726 tum
2515 714 2518 717 -

76 792 94 809 ‚t
130 770 146 807 ᾗ
186 730 357 809 *passivo
383 767 503 796 66666
528 759 750 807 usurpatur.
805 754 972 795 Passivo
1000 759 1077 794 est:
1105 748 1293 807 gemacht
1319 752 1492 803 werden,
1520 752 1586 803 qui
1613 753 1794 792 nimirum
1823 765 1986 793 causam
2011 751 2225 802 desiderat,
2254 763 2277 792 6
2304 763 2386 803 qua
2403 751 2481 793 hoc

140 810 410 877 ‘'„werdeffl
438 822 604 875 oriatur3
637 822 787 864 medio:
821 823 1000 874 werden,
1035 823 1239 873 entstehn,
1272 821 1476 872 wachsen,
1511 821 1576 860 vel
1604 821 1731 862 simile
1760 822 1868 873 quid,
1900 834 2003 872 quae
2032 821 2143 862 notio
2162 820 2415 873 amplectitur
2441 824 2483 862 et

54 938 57 940 ,
110 913 122 919 «
165 919 167 921 ·
193 891 327 945 ipsum
351 898 499 944 actum,
525 892 595 944 ,qui
622 892 663 933 in
691 892 872 944 subjecto
899 893 1008 933 nulla
1034 904 1159 933 66666
1184 891 1412 943 impellente
1446 890 1512 930 vel
1545 890 1678 942 potius
1713 891 1831 931 ullius
1867 902 2014 931 causae
2047 888 2292 943 impellentis
2325 889 2480 931 ratione

138 980 143 983 ·
194 974 275 1017 non
300 961 451 1013 habita,
479 961 561 1013 fiat,
588 966 628 1002 et
655 961 875 1012 transitum,
904 974 1048 1013 nempe
1076 974 1168 1001 eum
1197 973 1270 1000 666
1299 960 1390 999 dem
1418 959 1655 999 Nicht-Sein
1681 959 1721 999 in
1749 960 1822 1000 das
1851 959 1959 999 Sein.

385 1030 555 1073 Sensum
582 1030 785 1083 passivum
812 1030 996 1083 perhibet
1025 1029 1264 1070 Curculione
1294 1030 1404 1081 (316)

1026 1099 1129 1140 Nolo
1159 1099 1343 1150 equidem
1369 1099 1467 1138 mihi

502 1169 632 1210 Fieri
659 1170 873 1211 ventulum.

386 1239 555 1285 Sensum
582 1239 755 1280 medium
785 1238 1013 1280 Trinummo
1042 1240 1171 1290 (935):

501 1307 572 1350 Set
599 1309 666 1350 ubi
695 1307 936 1360 apsinthium
964 1308 1025 1348 fit
1051 1321 1099 1348 66
1128 1307 1258 1347 cunila
1284 1307 1517 1358 gallinacea.

386 1376 493 1418 Sane
521 1382 687 1428 utraque
715 1377 828 1418 notio
858 1377 1011 1418 summa
1040 1375 1339 1428 significationis
1368 1382 1488 1426 atque
1516 1381 1558 1416 ut
1587 1376 1644 1416 ita
1663 1376 1794 1416 dicam
1813 1376 1950 1415 ultimo
1971 1378 2057 1426 ejus
2073 1377 2181 1416 exitu
2199 1381 2319 1427 atque
2339 1378 2482 1419 effectu

195 1445 379 1498 concinit,
409 1457 547 1487 verum
574 1453 661 1486 ortu
688 1444 899 1498 discrepat.

387 1513 524 1565 Usque
557 1513 689 1555 adhue
722 1513 942 1566 simplicem
977 1514 1176 1555 notionem
1209 1514 1421 1565 „werden‘'
1463 1514 1715 1566 contemplati
1756 1526 1909 1563 sumus3
1946 1518 2037 1553 sunt
2070 1512 2190 1553 etiam
2226 1515 2482 1567 compositae,

195 1595 299 1635 quae
327 1582 494 1623 eaedem
522 1595 548 1623 a
574 1583 711 1636 lingua
737 1588 806 1623 aut
833 1583 962 1623 forma
989 1583 1217 1625 inchoativa
1244 1588 1311 1624 aut
1337 1583 1469 1623 media
1495 1582 1721 1623 induuntur.
1778 1582 1831 1623 Ut
1867 1582 2066 1623 notiones:
2101 1595 2253 1633 warm-,
2287 1584 2482 1636 trocken·,

193 1651 360 1705 flussig·,
389 1651 695 1705 welk-werden3
725 1664 828 1704 quae
857 1652 1032 1705 corporis
1059 1660 1209 1693 motum
1237 1652 1446 1704 designant
1476 1651 1725 1705 (proficisci);
1755 1651 1875 1692 animi
1906 1651 2116 1703 (oblivisci,
2145 1652 2295 1706 irasci).

384 1721 541 1772 Lingua
568 1722 712 1762 Latina
737 1722 953 1762 notionem:
983 1734 1026 1762 es
1055 1722 1155 1762 wird
1184 1735 1322 1773 warm‚
1355 1728 1396 1762 ut
1424 1723 1499 1762 1166
1527 1728 1632 1772 utar,
1666 1720 1908 1761 multimodis
1944 1720 2092 1761 reddit:
2126 1722 2306 1764 vocibus:
2343 1723 2482 1776 calefit,

196 1790 369 1831 calescit.
400 1791 458 1831 Ac
488 1791 521 1831 si
549 1790 715 1832 Plautus
745 1790 1001 1843 Captivorum
1029 1803 1147 1832 versu
1177 1792 1279 1843 (80):

506 1860 628 1910 Quasi
658 1873 775 1912 quom
805 1860 996 1901 caletur
1025 1861 1209 1902 cochleae
1239 1861 1279 1902 in
1309 1861 1464 1903 occulto
1491 1862 1628 1911 latent,

194 1929 287 1971 huic
314 1930 464 1971 notioni
491 1930 658 1970 formam
684 1929 856 1969 mediam
885 1930 1025 1982 induit,
1055 1943 1134 1971 non
1161 1931 1401 1971 mirabimur.
1459 1930 1624 1972 Contra:
1654 1930 1809 1981 „ealet“
1839 1934 1915 1970 est:
1946 1942 1989 1970 es
2015 1930 2066 1970 ist
2095 1943 2230 1971 warm.

384 2000 516 2050 Atque
543 1999 651 2039 idem
679 1999 736 2039 ait
764 2011 884 2040 versu
912 2000 1129 2039 Trinummi
1159 2001 1289 2050 (243):

501 2068 598 2108 Ilico
625 2081 690 2108 res
719 2068 828 2109 foras
856 2069 1015 2119 labitur,
1043 2068 1248 2119 liquitur

193 2137 263 2178 ubi
291 2136 506 2189 „liquitur“
534 2137 640 2178 idem
670 2144 731 2179 est
759 2137 866 2188 quod
894 2137 1108 2188 „liquefit“.
1158 2137 1304 2178 Contra
1323 2137 1500 2189 „liquet“
1519 2136 1624 2176 idem
1652 2137 1758 2186 quod
1787 2136 2032 2187 „liquidum“
2061 2141 2139 2189 est3
2169 2137 2348 2189 „liquat“
2375 2138 2484 2181 idem

197 2205 305 2257 quod
334 2205 607 2257 „liquefacit“.

386 2274 465 2324 Qui
494 2274 652 2316 differat
679 2276 842 2316 verbum
871 2275 1046 2316 medium
1074 2276 1242 2328 „mori“
1270 2289 1295 2316 a
1323 2288 1468 2328 genere
1502 2276 1664 2328 passivo
1698 2277 1810 2315 verbi
1846 2276 2115 2326 „interficere“
2150 2277 2320 2329 exempli
2355 2278 2486 2330 gratia

194 2345 304 2400 pauli
331 2344 457 2386 fusius
486 2344 743 2397 explicemus.
2486 2336 2488 2338 ’

385 2414 560 2455 Verbum
590 2414 739 2465 „mori“
766 2426 882 2455 voce:
913 2416 1073 2456 sterben
1108 2416 1327 2467 exprimere
1363 2415 1652 2456 consuevimus.
1708 2415 1853 2454 Verum
1896 2415 2091 2466 significat
2131 2428 2202 2467 pro
2244 2416 2369 2457 forma
2410 2429 2485 2459 sua

196 2498 315 2528 sensu
342 2483 570 2537 principali:
599 2483 783 2534 morsch-,
812 2484 979 2534 murbe-,
1010 2483 1313 2534 welk-werden,
1345 2483 1523 2533 siechen‚
1554 2483 1851 2533 dahinwelken,
1888 2497 2003 2534 quem
2032 2497 2192 2525 sensum
2221 2497 2271 2525 ex
2300 2472 2490 2528 versibus

196 2554 311 2607 Capt.
341 2554 432 2594 650.
488 2547 631 2593 Bacch.
661 2552 738 2594 817
769 2564 1008 2604 cognoscere
1036 2552 1139 2593 licet.
1242 2608 1245 2611 Ι

386 2622 585 2663 Praesens
612 2626 769 2675 tempus
796 2621 915 2674 igitur
944 2626 983 2663 et
1011 2634 1072 2674 ea,
1102 2634 1204 2674 quae
1234 2634 1284 2663 ex
1313 2634 1359 2662 eo
1387 2622 1641 2674 proveniunt,
1676 2626 1813 2663 notant
1847 2622 2072 2675 transitum,
2107 2623 2174 2676 qui
2208 2623 2251 2665 fit
2284 2637 2306 2667 e
2333 2624 2418 2668 vit·
2442 2625 2486 2668 iu

195 2697 373 2744 mortem,
402 2692 440 2734 h.
470 2704 503 2733 6.
532 2691 618 2732 todt
645 2691 818 2743 werden,
848 2691 915 2743 qui
943 2691 1133 2733 transitus
1162 2692 1203 2732 in
1231 2692 1319 2744 ipso
1348 2692 1527 2744 subjecto
1555 2692 1608 2743 fit,
1638 2692 1747 2732 nulla
1777 2705 1898 2733 causa
1917 2693 2147 2745 impellente
2167 2697 2297 2748 (cujus
2323 2695 2486 2748 quidem

195 2761 389 2808 rationem
418 2761 662 2813 habeamus).
722 2761 869 2802 Contra
896 2774 1019 2813 genus
1047 2762 1253 2813 passivum
1281 2761 1501 2813 „interfici“
1530 2767 1608 2803 est:
1638 2762 1815 2814 getiidtet
1845 2762 2017 2813 werden,
2045 2764 2121 2805 hoc
2141 2769 2219 2805 est:
2248 2763 2371 2806 durch
2397 2762 2487 2806 6166

197 2831 401 2872 bestimmt
427 2831 490 2872 ins
518 2831 631 2882 Auge
659 2830 836 2881 gefasste
865 2830 1045 2871 Ursaehe
1075 2832 1247 2871 sterben.
1302 2830 1497 2870 Nimirum
1525 2831 1730 2881 utriusque
1758 2831 1872 2871 verbi
1899 2831 2120 2882 perfectum
2154 2837 2309 2885 tempus
2338 2832 2485 2885 signifi-

197 2899 364 2941 cationis
393 2899 537 2940 effectu
564 2904 684 2951 atque
713 2899 830 2949 exitu,
860 2905 902 2940 ut
928 2899 984 2939 ita
1013 2900 1152 2951 dicam,
1183 2900 1375 2950 convenit,
1406 2900 1554 2952 quippe
1584 2914 1685 2951 quae
1714 2900 1780 2941 sit:
1810 2899 1949 2951 „todt“
1979 2902 2085 2942 nulla
2113 2902 2338 2943 discrimine
2366 2903 2487 2944 inter-

197 2968 382 3009 cedente:
412 2969 463 3009 ob
486 2967 653 3022 jemand
682 2968 998 3021 dahingesieeht,
1027 2970 1251 3021 gestorben‚
1272 2969 1369 3010 oder
1387 2969 1565 3020 getodtet
1584 2969 1746 3011 worden
1772 2970 1834 3011 ist.
1883 2971 2068 3022 Denique
2098 2971 2216 3013 etiam
2245 2985 2318 3013 nos
2346 2956 2488 3017 uocem

196 3038 446 3079 reflexivam:
474 3038 577 3079 sich
603 3038 780 3089 morden,
811 3038 914 3097 sich
942 3039 1078 3080 tcdten
1108 3039 1297 3091 effingere
1326 3052 1548 3091 possumus,
1580 3052 1682 3090 quae
1702 3053 1776 3081 nec
1798 3053 1887 3081 cum
1905 3040 2086 3093 passiva:
2114 3041 2486 3101 getiidtet-werdem

196 3118 272 3147 nec
296 3119 388 3147 eum
415 3107 566 3148 media:
595 3108 765 3158 sterben,
796 3108 979 3160 componi
1008 3113 1150 3161 potest.

388 3176 540 3225 Quodsi
568 3177 706 3217 Cicero
733 3178 774 3215 in
802 3178 985 3229 carmine,
1015 3177 1121 3228 quod
1149 3178 1226 3229 „de
1254 3178 1461 3219 consulatu
1489 3180 1586 3219 suo“
1616 3179 1831 3234 inscripsit,
1861 3179 1928 3233 (de
1958 3179 2122 3222 Divinat
2149 3179 2180 3221 Ι,
2211 3180 2277 3232 11)
2304 3179 2378 3222 ait:

506 3250 581 3286 aut·
603 3258 692 3287 cum
720 3259 769 3287 se
796 3246 962 3299 gravido
990 3248 1262 3288 tremefecit
1291 3259 1455 3301 corpore
1482 3248 1602 3291 tellus
2236 3301 2318 3336 1⁴¹⁸·
